3375 5192
790 501 967 555 ..62-

330 675 783 760 poribusitalrequensutvol.
794 677 842 741 llI
853 677 926 761 plus
937 696 1031 758 quarn
1042 678 1228 761 septuagies
1238 677 1428 744 inveniatur.

328 790 408 855 Luc.
432 790 556 855 conviv.
574 791 616 855 26
641 790 853 874 paedagogus
876 794 1020 875 (propter
1041 791 1219 858 Alcibiadis
1243 794 1428 875 magistrum

329 905 413 970 Plut.
431 904 535 974 Aloib.
553 926 584 989 p.
600 906 662 968 122
680 905 735 969 AB
743 905 784 987 P),
801 904 842 969 de
856 925 952 970 merc.
970 905 1062 970 cond.
1080 906 1122 970 23
1135 907 1172 970 τὸ
1185 908 1225 985 μὴ
1238 907 1428 986 Πυρρίωνος

330 1022 408 1099 μηδὲ
441 1019 656 1098 Ζωπυρίωνος
694 1019 765 1084 υἱόν
800 1017 882 1083 εἶναι
917 1018 1076 1084 homiuem
1110 1040 1173 1085 nou
1208 1039 1335 1085 servum
1369 1021 1427 1085 sed

330 1135 501 1217 ingenuum
525 1132 683 1216 designat.
720 1133 912 1212 Ζωπυρῖνος
937 1133 1137 1212 ὀψοποιητής
1165 1135 1276 1199 Ratun.
1295 1134 1427 1198 lvuor.

328 1249 524 1328 Πυρρία(
559 1248 697 1334 pastoris
715 1248 816 1330 1139,
844 1250 858 1310 1
896 1267 1011 1312 nomen
1045 1249 1140 1328 servi,
1177 1248 1231 1312 Ar.
1256 1248 1339 1313 Rau.
1364 1249 1428 1313 730

327 1383 430 1450 paene
455 1361 643 1448 appellativi
668 1364 767 1428 instar
790 1367 858 1426 τοῖς
882 1363 985 1427 ξένοι(
1009 1364 1060 1426 καὶ
1084 1363 1229 1442 πυρρίαις
1254 1365 1305 1426 καὶ
1329 1383 1427 1441 πονη-

328 1482 435 1558 ροῑς..
460 1478 608 1556 χρώμεθα
643 1475 727 1559 (ἀντὶ
756 1481 813 1541 τοῦ
850 1476 978 1541 δούλοις
1003 1476 1157 1559 Scholia),
1193 1475 1268 1541 inde
1304 1497 1334 1540 v.
1360 1476 1425 1541 308

326 1592 586 1672 ὑπερεπυρρίαςε.
633 1590 682 1655 Ex
721 1590 889 1656 comoedia
926 1590 1065 1656 Herond.
1085 1591 1111 1655 V
1128 1591 1230 1673 esqq.
1257 1588 1426 1674 Pyrrhiam

327 1726 464 1789 servum,
488 1706 568 1771 Luc.
603 1726 747 1790 necyom.
768 1705 807 1770 15
832 1705 1002 1790 Pyrrhiam
1031 1725 1142 1771 uocum
1158 1708 1182 1786 ¹)
1217 1704 1426 1769 humillimum

329 1821 561 1904 Agamemnoni
587 1822 791 1903 eontrarium,
815 1820 899 1884 Tim.
913 1821 956 1884 22
976 1819 1145 1904 Pyrrhiam
1169 1839 1239 1884 cum
1265 1819 1426 1884 Dromone

327 1942 359 2000 et
384 1934 518 2013 Tibio²l
554 1953 680 2000 servum
716 1939 920 2018 acceperunt.
967 1934 1155 2013 Δρόμων
1179 1933 1230 1998 ΙΙΙ
1252 1934 1346 2016 21,1
1386 1954 1426 1999 ex

327 2048 413 2114 servi
438 2045 559 2111 virtute
583 2043 758 2112 festinandi
775 2044 996 2128 (Aristophan.
1013 2046 1045 2110 11
1064 2046 1161 2110 1072.
1185 2045 1268 2112 Μοιι.
1286 2047 1331 2111 IV
1348 2047 1425 2112 283.

327 2161 431 2226 Plaut.
458 2161 557 2227 Poen.
573 2160 638 2224 522
653 2162 678 2240 ³)
703 2161 736 2224 in
764 2158 932 2225 comoedia
956 2159 1107 2241 frequens
1135 2167 1184 2225 est
1211 2160 1254 2226 ci.
1277 2160 1425 2226 Schmidt

326 2297 358 2361 p.
379 2276 451 2341 187.
469 2273 548 2340 Luc.
573 2273 648 2338 dial.
674 2294 751 2339 urer.
773 2275 822 2356 10,
839 2274 861 2337 4
885 2273 968 2338 Tim.
986 2293 1014 2350 o.
1031 2275 1084 2338 22.
1132 2273 1297 2354 Εὔδρομος
1313 2296 1425 2342 servus

326 2389 430 2473 Long.
448 2389 526 2454 lvo
551 2388 637 2453 οὕτω
660 2389 721 2468 γὰρ
745 2391 901 2472 ἐκαλεῖτο,
926 2389 975 2453 ὅτι
999 2388 1039 2466 ἦν
1063 2387 1150 2474 αὐτῷ
1174 2389 1271 2468 ἔργον
1286 2391 1423 2471 τρέχειν.

324 2506 570 2584 Παρμένων
595 2505 701 2587 1118,
727 2507 742 2568 1
780 2511 813 2569 et
838 2505 1094 2584 ΙἈςιραλίων
1116 2505 1165 2568 ΙΙΙ
1189 2504 1288 2587 2ί,1
1326 2505 1423 2571 fausti

326 2619 441 2686 ominis
464 2621 570 2703 gratia
594 2619 747 2702 inditae,
772 2618 857 2702 quod
881 2617 934 2684 hic
957 2618 1026 2684 iide
1049 2619 1175 2703 prohat,
1200 2619 1282 2684 alter
1297 2618 1422 2684 irritum

327 2734 442 2800 reddit.
490 2733 646 2819 Asphalio
670 2733 786 2817 Odyss.
805 2733 850 2798 IV
867 2733 932 2798 216
948 2752 1060 2798 servus
1075 2729 1327 2799 Pseudotheocr.
1341 2733 1423 2797 XXI

329 2849 479 2935 piscator.
527 2849 577 2914 De
601 2849 799 2914 Parmenone
835 2846 1021 2913 comoediae
1056 2866 1193 2932 persona
1221 2869 1251 2915 v.
1276 2846 1425 2913 Schmidt

426 3028 453 3094 1)
473 3026 582 3080 Fuitne
601 3027 631 3080 in
652 3026 809 3081 comoedia
823 3026 925 3094 aliqua
941 3024 1083 3094 Pyrrhias
1097 3039 1189 3078 cocus
1201 3024 1337 3092 ridicule,
1351 3040 1422 3079 cum

323 3125 424 3195 ignem
445 3129 575 3188 curaret,
595 3137 729 3177 acomae
747 3123 838 3176 rubro
857 3122 930 3191 igue
949 3121 1067 3188 (rruppdc
1084 3121 1120 3186 ἣν
1132 3122 1186 3186 τὴν
1199 3122 1291 3187 κόμην
1302 3120 1422 3176 Scholia

324 3221 362 3275 de
381 3221 510 3290 Pyrrhia
528 3218 579 3274 Ar.
599 3220 674 3273 Rau.
694 3219 757 3286 730)
774 3216 968 3272 nominatus?

421 3317 450 3384 2)
469 3317 666 3386 gentilicium.
704 3314 809 3384 Synes.
830 3331 876 3384 ορ.
896 3315 914 3368 3
943 3313 1179 3384 proverbialiter
1197 3313 1236 3366 είς
1255 3312 1358 3367 (ωςίας
1376 3316 1421 3366 καί

322 3413 440 3479 Τιβίους.

421 3509 450 3577 3)
469 3501 508 3563 ib.
531 3509 643 3563 dicitur
661 3505 771 3562 liberos
789 3503 926 3561 homines
952 3520 1011 3575 per
1038 3505 1144 3559 urbem
1171 3501 1291 3560 modico
1318 3501 1421 3574 meyde

320 3620 381 3674 par
400 3607 442 3660 eet
461 3605 563 3675 prada
582 3602 634 3658 ire.
673 3603 795 3657 ldemne
816 3602 854 3656 de
873 3600 998 3656 Graecis
1017 3600 1122 3656 valet?

423 3702 451 3769 4)
470 3702 662 3755 Parmenone
689 3704 724 3752 ut
751 3697 915 3766 Παρμενίδα
934 3697 1122 3765 Παρμενίωνα
1140 3696 1324 3764 Παρμονίδην
1342 3696 1420 3764 Παρ-

323 3800 437 3868 μενίδην
454 3796 648 3866 Παρμενίςκον
668 3811 736 3850 cum
757 3795 990 3867 simplicioribus
1009 3793 1180 3863 Παράμονος
1198 3793 1240 3857 (P.
1262 3793 1294 3848 B.
1314 3794 1342 3862 p.
1356 3793 1419 3858 205)

321 3896 477 3964 Παραμονή
506 3894 539 3949 E.
569 3893 691 3950 Curtius
720 3893 824 3948 anecd.
855 3893 961 3963 Delph.
991 3908 1019 3962 p.
1038 3892 1073 3947 39
1101 3892 1141 3945 ad
1168 3891 1337 3958 παραμονήν
1355 3891 1373 3944 1.
1394 3905 1420 3943 e.

322 3993 405 4065 quod
424 3991 505 4047 inter
523 3990 673 4060 scriptam
692 3993 720 4045 et
737 3993 840 4044 ratam
868 3987 1141 4044 manumieeiooem
1170 3985 1331 4042 intercedit
1349 3989 1419 4040 tene·

318 4088 406 4159 poree
425 4092 527 4156 refert,
554 4088 637 4143 unde
665 4089 703 4142 ab
733 4087 853 4156 origine
880 4101 988 4140 servus
1016 4087 1141 4140 libertus
1169 4084 1306 4138 nondum
1334 4083 1419 4150 liber,

323 4192 427 4257 postea
448 4187 530 4240 cives
549 4185 696 4240 nominati
713 4185 782 4251 sint,
803 4184 886 4251 quod
905 4182 1045 4237 subtilius
1064 4196 1155 4250 quarn
1175 4181 1277 4236 verius
1297 4180 1419 4248 excogi-

321 4287 416 4336 tatum
437 4283 508 4336 mihi
526 4282 656 4336 videtur.
693 4281 748 4335 Vel
776 4280 814 4333 de
842 4281 925 4334 vitae
952 4278 1124 4332 nominibus
1153 4278 1228 4331 haec
1256 4276 1418 4346 explicatio

321 4379 452 4432 maxime
463 4379 547 4446 mira,
567 4378 726 4433 comoedos
743 4376 830 4431 aliter
848 4375 1001 4429 iudicasse
1014 4374 1123 4428 Donat.
1135 4373 1174 4428 ad
1184 4372 1251 4427 Ter.
1262 4371 1390 4442 Adelph.
1401 4372 1416 4424 1

321 4490 426 4528 servos
442 4472 543 4543 fidelis
561 4476 713 4528 Parmeno
743 4479 772 4527 et
791 4472 948 4526 Helladius
977 4471 1060 4540 apud
1080 4471 1163 4524 Phot.
1192 4468 1417 4538 5151.ρ.532Β
