3375 5192
748 525 924 581 ..13-

287 706 455 786 τκαφίδιον
486 713 750 772 commemoratur
774 713 806 771 et
830 706 952 773 Eudius
986 706 1026 771 de
1056 707 1228 772 serenitate
1266 713 1385 790 narrat,

287 822 396 904 magni
419 822 571 886 momenti
594 843 657 886 non
681 829 739 904 est,
765 823 954 906 praesertim
979 842 1049 886 cum
1074 828 1107 887 et
1124 823 1274 906 vox—ipsa
1296 823 1386 888 εὐδία

287 935 339 1016 §3
363 936 522 1018 glossema
551 937 593 1001 sit
616 943 649 1002 et
674 937 754 1002 caeli
778 939 934 1002 serenitas
958 937 1014 1003 vix
1030 936 1192 1003 minusad
1209 939 1384 1021 agricolam

287 1050 457 1135 pertineat,
498 1052 639 1136 piscator
662 1071 739 1134 ergo
764 1072 826 1116 non
851 1053 938 1118 clare
962 1051 1131 1116 indicetur.
1180 1053 1290 1119 Potius
1312 1059 1385 1138 post

288 1165 422 1249 primam
440 1165 609 1250 epistulam
627 1165 668 1231 de
680 1167 802 1250 γαλήνῃ
820 1174 968 1250 agentem
985 1168 1182 1249 insequentis
1197 1169 1385 1252 scriptorem

285 1300 348 1344 non
373 1300 450 1346 casu
474 1280 670 1346 Galenaeum
695 1282 803 1347 vocari
828 1280 1014 1363 concedam,
1044 1301 1235 1364 quamquam
1259 1288 1291 1346 et
1324 1281 1384 1346 hoc

288 1395 453 1460 lubricum.
493 1396 537 1461 At
553 1397 586 1460 in
602 1396 863 1481 inscriptionibus
875 1396 1048 1461 Θαλάττιοτ
1061 1397 1192 1482 Ποντίῳ
1207 1399 1224 1461 l
1239 1396 1385 1476 Ἔφαλοτ

288 1510 419 1594 Ποντίῳ
446 1511 486 1574 10
516 1509 660 1590 Εὔαγροτ
684 1511 854 1596 Φιλοθήρῳ
883 1512 921 1576 13
952 1513 1119 1590 Ναυτίβιο(
1142 1512 1317 1595 Πραμναίῳ
1345 1511 1385 1574 15

289 1624 440 1702 Αὐχένιοτ
479 1624 632 1710 Ἀρμενίῳ
668 1626 708 1689 16
757 1623 922 1704 Ἐγκύμων
957 1624 1134 1710 Ἁλικτύπῳ
1171 1628 1221 1690 lt.
1258 1626 1308 1690 18.
1345 1625 1385 1688 19

292 1737 438 1803 Εὔπλοοε
463 1741 683 1819 Θαλατεέρωτι
708 1741 747 1804 21
780 1747 811 1804 et
835 1741 877 1804 22
902 1746 1070 1823 utrumque
1094 1761 1207 1806 nomen
1231 1761 1294 1805 non
1317 1741 1385 1806 sine

289 1852 422 1918 consilio
447 1853 532 1919 idem
556 1855 625 1920 fere
648 1854 834 1938 significare
859 1875 921 1920 non
945 1856 1005 1919 erit
1029 1857 1084 1938 qui
1106 1862 1212 1939 neget.

479 2145 508 2210 b.
542 2142 712 2212 Secundi
735 2143 829 2209 libri
853 2143 1009 2208 nomina
1032 2144 1191 2210 rustica.

394 2314 421 2376 1.
462 2311 710 2390 Κωμαρχίδη(
745 2309 848 2373 1129
887 2314 920 2372 et
958 2306 1235 2388 Ἀγελαρχίδητ
1259 2308 1385 2374 Ilba

286 2446 416 2492 munere
441 2427 560 2509 agresti
585 2433 689 2490 tracta
713 2431 794 2490 sunt.
843 2423 1071 2489 (lomarchides
1087 2423 1128 2488 ad
1147 2425 1316 2503 κώμαρχον
1334 2424 1384 2488 vel

290 2541 496 2620 κωμάρχηνῙ)
522 2538 654 2621 recedit,
691 2537 732 2602 ad
758 2539 867 2616 κώμην
896 2538 995 2621 igitur
1019 2538 1156 2622 pertinet
1180 2538 1262 2602 sicut
1297 2536 1384 2603 vitae

286 2657 414 2721 nomina
432 2656 614 2740 Κώμαρχοτ,
640 2656 845 2734 Κωμαρχίδη(
870 2661 902 2718 et
919 2654 1109 2718 abbreviata
1126 2654 1244 2732 Κώμοτ,
1262 2654 1383 2735 Κωμᾶτ,

287 2791 369 2854 quae
393 2772 430 2835 F.
444 2772 480 2835 B.
506 2792 537 2855 p.
557 2771 620 2835 182
644 2771 758 2834 iniuria
782 2768 824 2834 ad
848 2772 957 2846 κώμον
980 2769 1161 2832 referuntur
1185 2766 1241 2852 (cf.
1256 2767 1385 2833 Germa·

287 2905 397 2950 norum
414 2884 559 2966 Schulze,
577 2884 733 2963 Schulte).
774 2882 973 2963 Quamquam
997 2883 1085 2960 κώμη
1110 2882 1181 2966 ipsa
1196 2902 1259 2945 non
1276 2882 1385 2947 Attica

288 3004 357 3062 erat
392 2997 435 3062 cf.
458 2999 592 3063 Aristot.
629 3003 714 3082 poet.
739 2996 788 3060 lll
810 2996 841 3078 6,
877 3002 983 3060 tamen
1017 2996 1081 3059 ianr
1117 3003 1230 3077 quarto
1255 3016 1284 3060 a.
1309 2995 1382 3061 Chr.

287 3112 416 3178 saeculo
451 3132 504 3177 rus
534 3111 726 3195 designabat
764 3110 971 3192 (contrarium
1006 3111 1099 3175 uolut
1135 3111 1217 3175 Plat.
1241 3111 1385 3196 Leggl

287 3249 319 3312 p.
332 3227 397 3292 626
412 3228 450 3308 Ο)
474 3247 513 3293 αα
529 3228 674 3306 κωμήτητ
691 3227 834 3310 agricola
851 3231 899 3292 est
916 3232 950 3290 ut
963 3227 1045 3290 Plat.
1060 3227 1164 3310 Legg.
1179 3226 1223 3290 Vl
1236 3247 1268 3309 p.
1280 3227 1383 3291 76311

287 3344 322 3408 ἐκ
358 3346 424 3408 τῶν
456 3342 566 3408 ἄλλων
597 3345 751 3421 γεωργῶν
783 3363 817 3406 τε
854 3343 904 3405 καί
939 3347 1106 3420 κωμητῶν.
1169 3341 1220 3406 lta
1252 3340 1385 3424 Longus

286 3459 415 3543 saepius
450 3459 596 3537 amputant
631 3456 765 3523 adhibet
793 3457 808 3520 Ι
834 3457 931 3538 11,2
967 3462 999 3520 et
1038 3457 1070 3520 II
1104 3457 1154 3538 16,
1181 3459 1196 3518 1
1235 3455 1384 3539 idemque

288 3573 442 3658 Aloiphro
465 3573 535 3658 ipse
559 3573 591 3637 ll
618 3573 668 3656 16,
707 3575 736 3655 1,
773 3572 827 3655 qui
851 3572 884 3636 Il
908 3572 961 3652 26,
998 3571 1213 3650 2κώμαρχον
1248 3570 1383 3636 inducit.

287 3687 515 3754 Comarchides
539 3688 636 3752 etiam
660 3686 785 3752 helian.
810 3706 861 3771 ep.
887 3691 963 3751 rust.
987 3687 1008 3750 2
1032 3705 1118 3750 mere
1142 3685 1304 3750 rusticum.
1340 3685 1384 3749 At

287 3811 395 3885 κῶμον
414 3806 499 3871 idem
516 3825 671 3871 revocans
687 3803 852 3888 Aristoph.
869 3806 946 3871 Pac.
966 3803 1051 3868 1142
1067 3809 1100 3867 et
1117 3803 1288 3882 Κώμαρχοτ
1312 3822 1385 3868 con-

287 3921 366 3986 vivii
391 3920 456 3984 dux
480 3921 512 3984 in
537 3919 690 4005 amphora
715 3917 820 4001 Klein,
853 3919 915 3982 Die
937 3938 984 4001 gr.
1003 3916 1108 3983 Vasen
1132 3917 1189 3980 mit
1205 3915 1383 4000 Lieblings·

288 4034 405 4100 inschr.
431 4056 461 4119 p.
486 4035 540 4117 ot,
565 4033 703 4099 conviva
725 4032 846 4098 saltans
870 4031 1051 4097 Kretschm.
1076 4052 1107 4115 p.
1132 4031 1175 4095 85
1198 4038 1231 4095 et
1254 4031 1330 4094 231.

397 4297 424 4366 1)
444 4297 491 4352 Ita
510 4295 586 4352 Xen.
606 4297 695 4350 anab.
718 4295 758 4350 IV
777 4295 801 4364 5,
821 4296 857 4350 24
876 4295 914 4350 de
932 4297 1001 4350 'vico
1020 4295 1191 4362 Persarum,
1212 4294 1250 4347 de
1269 4308 1382 4363 graeco

289 4391 331 4448 IG
350 4393 423 4448 XIII
442 4392 456 4447 I
476 4393 536 4463 128,
556 4391 823 4449 oleoductus.
860 4392 941 4447 Alibi
961 4394 1120 4461 κώμαρχος
1149 4393 1186 4445 οί.
1206 4392 1382 4457 λιμέναρχοεε

288 4492 459 4558 λιμενὰρχητ.
497 4489 560 4544 Alc.
580 4490 608 4543 Il
627 4489 671 4557 26,
690 4489 707 4543 2
726 4491 885 4556 κωμάρχου.
