3375 5192
805 481 963 534 -ss,.

330 661 481 737 quattuor
504 657 567 720 sint
591 673 710 738 genera
734 655 952 738 epistularum,
977 663 1077 718 totam
1105 653 1272 719 materiam
1297 654 1343 718 ita
1366 652 1428 719 dis-

330 770 425 851 gessi,
461 776 496 833 ut
531 771 665 852 primum
701 767 886 858 piscatoria,
922 766 1097 833 secundum
1133 769 1264 850 rustica,
1300 768 1428 833 tertium

330 883 515 967 parasitica,
548 890 693 965 quartum
719 883 886 964 amatoria,
918 881 1056 964 denique
1089 902 1172 964 quae
1195 882 1275 946 nibil
1307 882 1427 966 proprii

331 996 471 1062 habeant
493 999 622 1063 nomina
645 1004 790 1064 tractem.
838 995 1020 1061 Secundum
1044 996 1100 1062 illa
1129 1004 1280 1079 quattuor
1311 1016 1430 1080 genera

330 1113 484 1196 epistulas
508 1111 681 1196 dispositas
697 1110 799 1176 edidit
818 1111 1010 1176 Antonius
1027 1109 1156 1195 Scbep
1167 1131 1228 1175 ers
1244 1111 1429 1193 Groningae

333 1227 429 1290 1901.
477 1225 570 1304 Quod
611 1245 684 1290 num
723 1225 756 1290 in
789 1207 971 1290 uniuersum
1006 1231 1094 1290 recte
1129 1225 1244 1291 fecerit
1279 1231 1430 1306 recteque

330 1341 473 1424 singulas
497 1339 651 1424 epistulas
674 1340 807 1423 singulis
833 1339 922 1405 libris
939 1339 1132 1422 attribuerit,
1157 1340 1218 1406 etsi
1234 1338 1429 1405 dubitationi

330 1455 502 1521 obnoxium
528 1454 663 1538 videtur,
698 1464 804 1520 tamen
831 1455 900 1520 eius
932 1453 1072 1519 editione
1105 1460 1139 1518 ut
1172 1453 1429 1519 commodissima

330 1577 363 1636 et
392 1570 565 1635 novissima
599 1589 674 1636 usus
709 1590 788 1650 sum,
827 1568 1014 1654 praesertim
1050 1588 1123 1634 cum
1158 1567 1262 1633 denuo
1298 1566 1429 1632 codices

330 1683 456 1749 adierit.

491 1851 516 1914 Ι.
542 1871 571 1913 a.
596 1849 717 1914 Primi
741 1849 830 1940 libri
856 1849 1011 1914 nomina
1034 1847 1267 1932 piscatoria.

440 1991 467 2053 1.
494 1988 521 2052 A
538 1988 615 2056 diis
632 1988 851 2072 aliquomodo
868 2008 940 2054 cnm
956 1990 1035 2053 mari
1052 1987 1200 2071 cognatis
1218 1993 1322 2052 tracta
1339 1998 1428 2053 sunt:

438 2103 626 2168 Γαλάτεια
642 2104 657 2167 Ι
673 2103 725 2184 3¹)
750 2103 913 2188 appellata
936 2125 955 2167 a
980 2101 1118 2170 Nereide
1143 2103 1193 2183 (F.
1211 2103 1280 2182 B.²)
1306 2123 1337 2187 p.
1362 2103 1429 2185 13),

329 2217 519 2302 Polyphemi
555 2219 659 2284 amica
681 2219 735 2305 cl.
773 2217 911 2283 Holland
947 2218 1057 2303 Leipz.
1094 2215 1186 2283 Stud.
1212 2217 1283 2282 Vll.
1331 2218 1429 2284 Teste

330 2331 437 2396 Sclrol.
463 2333 598 2398 Theocr.
626 2334 669 2398 Vl
693 2333 836 2418 Hypoth.
871 2333 993 2415 antiqui
1028 2333 1111 2409 γάλα
1144 2331 1263 2396 nomini
1297 2333 1428 2398 subesse

330 2445 486 2530 putabant
519 2447 628 2528 itaque
651 2447 731 2512 Luc.
766 2467 831 2512 ver.
866 2446 941 2512 bist.
967 2447 1035 2510 113
1069 2447 1238 2511 Galateam
1269 2445 1362 2510 deam
1395 2446 1428 2510 in

329 2543 432 2624 insula
456 2560 591 2625 iu'mari
616 2561 721 2628 lacteo
745 2563 816 2644 sita,
842 2581 924 2643 quae
948 2561 1020 2646 ipsa
1043 2581 1155 2626 caseus
1179 2569 1237 2638 est,
1262 2560 1426 2626 coliiacit.

329 2673 454 2739 Eadem
478 2673 599 2758 dialogi
623 2675 735 2741 marin.
764 2679 778 2740 1
804 2696 952 2760 persona.

437 2790 590 2868 Γαλήνη
616 2791 678 2873 16,
703 2792 723 2854 2
740 2799 773 2855 et
790 2793 1007 2869 Γαληναῖοε
1024 2791 1082 2855 12.
1118 2791 1159 2856 Et
1176 2791 1300 2857 Galcna
1315 2792 1429 2858 Nereis

330 2902 524 2982 (Kretschm.
550 2927 581 2990 p.
607 2907 696 2988 201),
732 2906 810 2971 Luc.
836 2905 914 2972 dial.
939 2928 1016 2972 mar.
1046 2908 1066 2972 3
1092 2927 1237 2992 persona.
1284 2907 1428 2984 γαλήνην

329 3024 364 3080 ut
388 3017 601 3102 piscatoribus
627 3022 825 3085 carissimam
849 3021 1017 3105 praedicat
1043 3021 1196 3106 Alciphro
1220 3021 1289 3106 ipse
1313 3023 1372 3086 11.

438 3133 583 3211 Γλαύκη
610 3134 676 3214 183
703 3136 930 3213 Γλαυκίππη
955 3136 1026 3199 111
1046 3142 1080 3200 et
1098 3137 1155 3208 122
1180 3138 1347 3201 Γλαῦκα(
1365 3137 1429 3215 13;

331 3247 521 3311 Γλαυκία(
547 3248 630 3329 llo,
656 3249 686 3312 u.
735 3248 876 3314 Glaucus
910 3249 1076 3313 θαλάεειοε
1108 3251 1230 3328 δαίμων
1254 3251 1308 3333 qui
1332 3259 1429 3317 antea

329 3358 471 3442 piscator
495 3360 593 3426 fuisse
622 3361 851 3446 perhibebatur
879 3361 1011 3442 (Athen.
1037 3363 1099 3427 Vll
1123 3385 1154 3448 p.
1179 3365 1244 3429 295
1268 3367 1352 3448 sqq.)
1377 3367 1428 3431 vel

330 3473 361 3537 in
386 3474 587 3557 proverbium
618 3476 698 3541 abiit
723 3476 880 3560 (Apostol.
904 3475 932 3539 V
952 3477 996 3541 49
1018 3491 1051 3542 et
1078 3477 1196 3544 Suidas
1224 3481 1256 3544 in
1287 3502 1317 3544 ν.
1342 3479 1427 3560 ἔξω).

330 3586 454 3652 Glauca
478 3589 590 3657 Nereis
616 3588 794 3655 Kretschm.
822 3612 852 3675 p.
870 3593 931 3656 201
965 3612 1006 3657 ex
1031 3592 1153 3658 Glauco
1188 3595 1269 3660 ficta
1293 3595 1428 3676 (Usener

331 3701 410 3766 Mus.
428 3701 529 3768 Rhen.
547 3702 626 3768 Llll
651 3725 680 3789 p.
698 3705 787 3786 351).
836 3705 1040 3772 Adiectivum
1070 3709 1208 3784 γλαυκός
1240 3710 1427 3794 saepissime

330 3817 409 3880 mari
443 3816 637 3900 attribuitur,
665 3823 802 3896 γλαῦκος
827 3822 924 3906 piscis
954 3824 1094 3888 marinus
1127 3823 1167 3888 ab
1192 3825 1359 3889 Athenaeo
1385 3825 1428 3889 VI

329 3951 360 4014 p.
387 3931 451 3995 295
469 3931 495 3996 Β
512 3953 581 4015 sqq.
612 3926 875 4000 commemoratur
903 3929 1093 4003 comicorum
1124 3939 1314 4005 testimoniis
1346 3940 1426 4006 niso.

440 4112 465 4176 1)
484 4111 706 4166 Deficientibus
734 4116 998 4184 paragraphorum
1024 4115 1164 4179 numeris
1197 4130 1274 4183 quos
1302 4116 1427 4168 nomini·

330 4206 385 4259 bus
406 4208 516 4276 passim
536 4211 709 4264 memoratis
728 4226 846 4281 semper
860 4211 997 4281 adposui,
1018 4211 1214 4281 epistularum
1228 4211 1427 4281 inscriptioni·

331 4303 386 4356 bus
405 4303 517 4358 inserta
537 4312 777 4375 cognoscuntur.

436 4401 464 4467 2)
484 4401 670 4471 Compendia
690 4404 802 4472 quibus
820 4407 893 4457 utor·
912 4421 940 4459 v.
960 4406 989 4457 in
1011 4406 1072 4458 tine
1092 4404 1192 4459 libelli.
