3375 5192
810 491 986 544 ..25-

342 661 453 721 τῑνοε
479 658 578 722 1134
612 658 735 741 grande
759 660 907 724 sonantia
937 665 1020 741 sunt,
1057 659 1175 743 partim
1200 659 1382 741 frequentia
1406 669 1440 725 ut

342 771 530 838 Callicrates
554 773 653 856 (quod
675 775 774 839 'etiam
791 774 971 859 Theopbyl.
986 794 1036 858 ep.
1050 773 1083 853 6)
1097 772 1245 839 Cratinus
1261 773 1441 842 Phaedriae

341 889 456 971 partim
480 889 601 953 rariora
624 896 659 953 ut
675 889 853 973 Pytholaus
870 889 920 970 (F.
937 889 974 954 B.
989 910 1020 974 p.
1040 888 1102 954 186
1127 887 1212 954 adde
1231 889 1275 954 lG
1292 890 1323 953 ll
1343 890 1439 973 1011,

342 1003 408 1080 22).
456 1003 582 1067 Fictum
607 1004 733 1070 videtur
757 1004 965 1086 Megaloteles
1000 1005 1121 1089 pariter
1155 1023 1195 1068 ae
1219 1003 1440 1087 Megalobulus

341 1117 444 1182 Plaut.
471 1116 590 1183 Bacch.
615 1117 691 1199 308,
727 1119 970 1204 Megalonymus
1003 1119 1083 1183 Luc.
1108 1117 1245 1204 Lexiph.
1263 1119 1294 1200 9,
1330 1118 1439 1201 Mega·

341 1232 450 1296 medes
474 1232 557 1296 Xeu.
582 1232 664 1316 Eph.
682 1233 697 1296 Ι
714 1234 744 1314 2,
769 1233 800 1297 b.
849 1231 1010 1297 Phaedria
1035 1233 1109 1298 Ter.
1145 1233 1226 1298 Eun.
1251 1226 1284 1297 et
1307 1231 1436 1299 Pborm.

341 1347 438 1412 etiarn
473 1345 544 1410 rtel.
580 1367 631 1431 ep.
667 1348 720 1412 20.
779 1346 954 1432 Epiphanii
996 1347 1100 1412 forma
1133 1347 1250 1427 iniuria
1286 1347 1439 1429 Berglero

341 1466 490 1543 suspecta
514 1459 696 1524 masculinis
720 1459 951 1524 recentioribus
974 1459 1026 1524 vel
1050 1458 1234 1526 christianis
1249 1459 1439 1541 Ἐπιφάνιοτ

340 1573 516 1652 Ἐπιφάνητ
550 1572 759 1665 Ἐπιφανίδη(
793 1574 1034 1657 Ἐπιφανιανόε,
1070 1575 1225 1640 feminino
1249 1574 1439 1655 Ἐπιφάνεια

340 1669 570 1753 confirmatur.
608 1689 747 1754 Dubium
771 1699 820 1756 est
843 1709 917 1754 num
941 1690 1037 1754 etiam
1063 1691 1186 1755 Φανίαν
1208 1691 1274 1771 (Fr.
1302 1711 1332 1775 p.
1361 1692 1436 1771 122)

340 1801 451 1867 eodem
477 1803 679 1870 referendum
702 1806 753 1870 sit.

447 1939 654 2019 Ἐπίγονοι
679 1943 976 2022 οιΠρατίνατΙΙ
993 1944 1022 2008 9.
1049 1943 1439 2024 111ιιᾶ(Ρι.Αιι.4824-

339 2056 440 2136 4827)
465 2059 690 2142 imperatorum
717 2058 914 2143 temporibus
937 2059 984 2122 ita
1007 2059 1039 2123 in
1063 2078 1152 2124 usum
1177 2060 1274 2141 venit,
1299 2067 1333 2124 ut
1350 2060 1438 2126 IGII

340 2170 404 2255 p.I
426 2178 458 2235 et
472 2173 506 2235 ll
531 2174 716 2256 septuagies
740 2174 876 2255 legatur.
925 2172 1047 2239 Tamen
1072 2174 1138 2239 veri
1164 2173 1301 2239 hominis
1324 2195 1438 2240 memo

340 2286 420 2350 riam
445 2288 546 2370 repeti
570 2293 678 2371 putem
711 2288 834 2352 musici
857 2287 942 2353 illius
975 2288 1172 2353 celeberrimi
1202 2289 1438 2367 μοντικωτάτου

339 2407 420 2464 teste
446 2401 561 2470 Athen.
588 2402 632 2465 IV
657 2423 686 2485 p.
709 2401 813 2466 1831)
834 2401 892 2468 of.
917 2401 995 2466 XIV
1012 2423 1042 2487 p.
1061 2402 1124 2468 637
1139 2403 1184 2466 F.
1221 2403 1304 2470 Nam
1341 2406 1438 2469 etiam

280 2528 281 2532 ’
338 2515 473 2579 alterum
491 2536 604 2581 nomen
620 2515 663 2580 ad
681 2516 838 2582 hominem
855 2517 887 2580 in
903 2516 959 2581 illa
975 2524 1045 2581 arte
1062 2516 1301 2582 celeberrimum
1315 2517 1438 2584 recedit

338 2630 500 2695 Pratinam
516 2633 539 2710 1)
564 2631 658 2710 (Plut.
685 2630 726 2695 de
749 2651 827 2697 mus.
853 2631 990 2696 affertur
1015 2651 1042 2696 c.
1061 2632 1091 2713 l,
1116 2632 1147 2696 9.
1171 2632 1225 2696 42.
1251 2652 1278 2697 c.
1296 2633 1337 2696 31
1356 2631 1438 2696 inter

337 2745 376 2808 τὰ
414 2747 480 2808 τῶν
519 2744 776 2822 εὐδοκιμούντων
811 2745 907 2809 etiam
943 2745 982 2807 τὰ
1020 2745 1185 2823 Πρατίνου
1220 2746 1439 2813 numerantur)

338 2860 457 2944 quippe
481 2861 535 2942 qui
549 2860 664 2925 Athen.
678 2860 756 2924 XIV
780 2881 811 2944 p.
828 2850 935 2925 633Α
961 2880 1032 2924 cum
1057 2858 1097 2924 de
1110 2859 1436 2925 Lacedaemoniorum

295 3031 296 3034 ,
337 2981 406 3038 arte
423 2975 545 3039 musica
561 2982 679 3058 agitur,
704 2975 794 3039 testis
810 2995 850 3039 ae
867 2974 958 3057 quasi
975 2974 1095 3039 arbiter
1108 2973 1274 3039 afferatur.
1300 2974 1438 3038 Maxime

338 3095 372 3153 ut
395 3094 574 3173 satyrorum
599 3097 711 3154 auctor
735 3090 856 3173 pastori
882 3090 1031 3153 convenit
1064 3088 1115 3153 cui
1139 3089 1289 3167 ponerer
1313 3090 1376 3153 ἐττι
1399 3090 1436 3152 τὸ

337 3204 485 3270 αἰπόλιον
503 3207 535 3285 (ξ
549 3205 593 3286 2),
617 3205 727 3287 itaque
750 3204 967 3289 inscriptionis
990 3204 1119 3268 nomina
1143 3209 1311 3286 utrumque
1334 3205 1435 3285 etqui

337 3317 448 3384 scribit
473 3326 504 3383 et
529 3319 583 3400 qui
606 3318 726 3402 accipit
743 3319 912 3403 epistulam
938 3319 1079 3384 musicae
1096 3317 1322 3403 peritissimum
1339 3319 1436 3402 signi-

337 3433 448 3497 ficant.
475 3432 517 3495 Αι
535 3431 620 3496 1134
636 3453 698 3496 non
713 3432 861 3497 Pratinas
877 3432 1117 3513 restituendum,
1143 3432 1200 3498 sed
1224 3453 1265 3496 ex
1289 3431 1435 3497 codicum

337 3548 498 3625 Πρατῑνοε
535 3565 606 3610 oum
635 3545 796 3610 Meinekio
833 3547 986 3625 Κρατῖνος
1022 3545 1213 3611 eliciendum
1250 3555 1306 3610 est.
1356 3546 1433 3611 Cum

337 3660 475 3745 epistula
499 3658 577 3723 nihil
602 3660 711 3724 rustici
738 3658 865 3739 babeat,
901 3680 963 3725 non
989 3659 1103 3724 mirum
1132 3668 1181 3725 est
1216 3646 1435 3742 quodetiam

280 3768 282 3773 ’
336 3776 466 3842 nomina
491 3777 643 3854 Κρατῖνος
668 3775 884 3851 Μεγαλοτέλει
908 3775 950 3840 ab
974 3795 1013 3840 eo
1036 3795 1154 3859 genere
1178 3776 1294 3840 aliena.
1341 3774 1435 3853 Quod

337 3890 379 3956 ad
404 3888 550 3955 codicum
575 3889 686 3953 vitium
712 3875 906 3954 contrarium
930 3890 998 3952 fere
1022 3894 1128 3953 exstat
1158 3890 1190 3952 in
1215 3889 1331 3953 Athen.
1357 3889 1434 3973 epit.

336 4006 400 4090 lp.
418 4005 500 4069 22Α
526 4004 579 4070 ubi
605 4003 637 4067 in
661 4004 900 4069 enumeratione
923 4000 997 4088 post
1019 4004 1182 4082 Πρατίνας
1217 4004 1306 4068 varia
1340 4003 1435 4068 lectio

338 4121 491 4198 Κρατῖνος
516 4116 654 4183 delenda
678 4126 735 4183 est.
1105 4102 1106 4105 ¹

337 4271 549 4279 ——--.-—.

445 4348 471 4411 1)
492 4346 584 4400 Cuius
604 4363 713 4401 nomen
734 4347 772 4400 ad
793 4349 915 4416 stirpem
935 4363 988 4416 pro
1008 4349 1067 4401 ion.
1089 4351 1140 4400 att.
1160 4351 1285 4411 πρῶτ-ο(
1301 4344 1434 4398 doricam

337 4446 411 4512 πρᾱτ
440 4441 628 4514 (Brugmann
649 4442 698 4497 Gr.
719 4439 797 4508 (11.3)
820 4461 848 4515 p.
868 4444 903 4496 88
922 4448 937 4507 ξ
957 4443 999 4510 71,
1019 4444 1044 4496 2.
1064 4461 1091 4512 p.
1111 4443 1162 4496 211
1183 4448 1198 4507 5¹
1219 4440 1283 4508 232)
1312 4441 1436 4496 recedit.
