3375 5192
776 467 951 520 ..74..

420 658 447 706 e.
496 637 584 703 Idem
609 660 648 703 ac
673 638 860 705 comoediae
889 659 964 705 usus
988 641 1134 706 omnibus
1157 641 1334 706 litterarum
1359 661 1413 725 ge·

313 753 444 816 neribus
468 754 615 836 proprius
651 759 709 834 est,
746 754 860 835 quihus
895 774 1051 838 personae
1086 755 1165 839 ipsis
1199 755 1414 820 inveniendae

314 875 410 950 atquc
427 867 640 954 appellandae
658 869 731 933 sint.
768 867 963 934 Comoediae
980 871 1119 934 maxime
1135 871 1347 955 propinquum
1365 878 1414 936 est

313 1001 442 1047 carmen
476 981 674 1066 parodicum
713 982 797 1064 quod
832 983 901 1049 sola
925 983 1287 1051 Batrachomachia
1321 986 1413 1051 nobis

312 1103 543 1182 repraesentat,
568 1099 658 1162 cuius
685 1098 814 1163 nomina
839 1098 890 1163 vel
922 1098 1062 1163 maxime
1086 1120 1106 1164 a
1128 1100 1214 1165 veris
1246 1100 1412 1178 differunt,

226 1209 229 1214 ’
313 1213 418 1278 omnia
442 1210 594 1296 parodice
623 1218 728 1276 tracta
753 1214 793 1277 ab
818 1214 1003 1278 animalium
1028 1215 1096 1278 vita
1120 1215 1206 1280 vitiis
1230 1215 1412 1297 uirtutibus,

313 1326 392 1392 miro
403 1327 541 1409 quodam
553 1326 647 1391 modo
661 1328 798 1392 colorem
813 1329 937 1412 epicum
949 1327 1183 1411 detorquentia.
1208 1329 1251 1396 Ut
1264 1329 1414 1396 heroibus

314 1462 461 1506 ranarum
499 1463 538 1506 ac
570 1461 691 1505 murum
725 1441 856 1525 regibus
890 1449 1040 1527 parentes
1075 1443 1242 1526 finguntur
1274 1443 1412 1509 nobiles:

312 1555 440 1634 Πηλεύς
482 1555 537 1635 (ad
577 1557 684 1634 πηλὸν
725 1558 867 1636 assonat)
908 1565 940 1621 et
985 1557 1222 1636 ‘Yboopebor‘rcq
1264 1579 1413 1622 ranarum

313 1669 511 1754 Φυειγνάθῳ,
535 1669 724 1749 Τρωξάρτη(
742 1677 774 1735 et
791 1671 970 1750 Λειχομύλη
985 1671 1125 1750 θυγάτηρ
1141 1672 1413 1750 Πτερνοτρώκτου
1467 1660 1471 1667 ’

314 1788 460 1864 purilio(
493 1805 615 1850 murum
640 1785 832 1864 Ψιχάρπαγι.
881 1787 995 1851 Cetera
1029 1787 1146 1871 partim
1181 1786 1262 1852 duas
1297 1787 1414 1870 stirpes

314 1899 477 1964 continent
498 1901 585 1964 velut
604 1901 828 1980 Κραμβοβάτηε
848 1902 1102 1982 Βορβαροκοίθη(
1127 1908 1182 1966 aut
1208 1901 1413 1981 Κοετοφάγο(

313 2015 475 2094 Λειχήνωρ
508 2015 623 2100 partim
657 2017 815 2100 simplicia
842 2025 916 2081 sunt
950 2025 984 2081 ut
1012 2018 1226 2096 Κραυγαείδη(
1254 2015 1413 2095 Ὠκιμίδη(

314 2139 367 2197 aut
382 2133 565 2211 Τρωγλίτη(
582 2132 792 2213 Τρυφάλειοε.
818 2133 868 2199 of.
885 2133 1042 2198 Ludwich
1060 2156 1092 2219 p.
1110 2135 1149 2198 71
1163 2153 1232 2216 sqq.
1250 2132 1411 2198 editionis.

419 2247 443 2310 f.
492 2247 540 2311 De
575 2249 691 2313 aetatis
727 2267 810 2330 quac
846 2246 964 2312 dicitur
986 2248 1272 2313 hellenisticae
1295 2247 1357 2312 hac
1381 2247 1414 2311 in

316 2381 349 2426 re
374 2363 496 2426 ratione
513 2382 553 2426 er
569 2362 692 2447 paucis,
718 2383 800 2445 quae
821 2364 914 2445 nohis
930 2369 1058 2429 servata
1074 2369 1158 2439 sunt,
1183 2362 1215 2426 in
1232 2363 1413 2427 universum

315 2475 461 2540 concludi
478 2477 598 2558 nequit.
645 2476 849 2542 Herondas
865 2496 927 2558 quo
952 2483 1002 2542 est
1017 2476 1164 2542 veritatis
1184 2475 1301 2560 studio,
1326 2477 1413 2542 vitae

314 2589 454 2674 speciem
480 2609 573 2671 quam
598 2590 735 2656 maxime
752 2590 1085 2655 affectatuominibus
1102 2589 1142 2654 de
1159 2590 1213 2655 via
1228 2596 1285 2654 aut
1300 2590 1414 2655 semita

315 2705 449 2789 sumptis
465 2705 604 2769 maxime
629 2723 712 2787 usus,
737 2724 869 2787 quorum
897 2704 983 2770 haud
1008 2725 1113 2790 pauca
1135 2725 1175 2770 ex
1200 2704 1414 2789 inscriptioni·

315 2820 374 2884 bus
410 2819 485 2884 Cois
519 2820 611 2885 nobis
646 2825 723 2885 nota
757 2827 830 2885 sunt
842 2823 877 2900 1).
925 2820 1048 2884 Tamen
1087 2819 1216 2884 nomina
1255 2818 1413 2901 quaedam

316 3090 367 3158 Eq.
390 3089 466 3156 1262,
488 3089 641 3144 Ὀτοτύξιοι
660 3090 699 3142 id.
719 3088 775 3143 Av.
798 3089 868 3143 1040
889 3090 939 3143 vel
957 3090 1139 3144 ficticiorum
1158 3090 1293 3144 locorum
1314 3094 1348 3143 ut
1362 3088 1413 3143 Ar.

316 3185 443 3240 Acharn.
464 3186 517 3239 606
535 3189 602 3240 τοὺς
621 3188 651 3239 ἐν
672 3186 811 3255 Καμαρίνῃ
832 3186 884 3239 κάν
904 3187 970 3254 Γέλᾳ
989 3187 1042 3239 κάν
1062 3188 1213 3256 Καταγέλᾳ.

423 3282 450 3348 1)
470 3281 561 3336 Reich
581 3282 617 3336 D.
642 3281 750 3336 Mimus
769 3282 783 3335 I
802 3299 830 3351 p.
850 3282 903 3336 299
934 3283 1003 3335 adn.
1023 3281 1041 3334 2
1059 3283 1148 3336 mimo
1168 3283 1312 3352 imprimis
1331 3282 1414 3336 hunc

315 3393 429 3432 rnorem
448 3379 561 3445 tribuit,
581 3379 634 3432 sod
656 3380 735 3432 omni
755 3394 882 3448 poeseos
895 3380 1000 3448 generi
1016 3381 1167 3439 convenit,
1182 3380 1262 3448 quod
1277 3380 1414 3433 veritatis

315 3475 445 3543 speciem
483 3477 610 3542 quaerit,
648 3475 777 3529 dramati
815 3476 941 3528 carmini
972 3476 1058 3544 epico
1090 3475 1233 3543 epistulis
1282 3475 1414 3528 Nimium

316 3571 462 3624 audacter
479 3571 559 3624 idem
580 3572 618 3626 de
637 3571 788 3626 Theocriti
807 3573 981 3627 nominibus
1001 3573 1122 3641 proprie
1150 3573 1277 3626 mimicis
1291 3560 1327 3626 *et
1346 3571 1415 3627 Cois

317 3668 400 3721 dixit.
438 3667 519 3721 Inter·
538 3667 573 3722 56
591 3665 769 3721 Theocritea
794 3683 924 3736 quorum
942 3667 977 3721 37
1006 3683 1044 3721 ex
1068 3668 1316 3736 inscriptionibus
1334 3675 1414 3733 nota,

316 3765 350 3818 25
370 3762 432 3818 Coa
461 3771 613 3831 numerat3
643 3768 674 3818 at
701 3764 878 3818 secernendi
904 3770 974 3818 sunt
1001 3764 1080 3817 illius
1107 3764 1225 3817 numeri
1255 3764 1278 3816 1.
1297 3763 1323 3816 4.
1343 3762 1368 3816 5.
1389 3762 1413 3816 6.

316 3862 340 3915 7.
360 3862 383 3914 8.
404 3862 428 3916 9.
450 3861 490 3915 10.
513 3861 553 3915 11.
575 3861 616 3914 13.
638 3860 678 3914 14.
699 3860 740 3914 15.
762 3861 859 3914 ltili.
875 3861 915 3914 18.
932 3860 1086 3924 192022,
1106 3861 1318 3929 duodeviginti
1339 3874 1413 3928 ergo

316 3959 446 4025 nomina,
467 3958 538 4026 qnia
560 3963 624 4011 tota
635 3956 764 4011 Graecia
783 3957 914 4010 floruere
925 3988 957 3994 -
970 3957 1120 4026 quaedam
1140 3958 1303 4009 formarum
1317 3955 1415 4008 varia·

315 4039 412 4108 tiones
426 4055 465 4107 ad
480 4055 640 4108 dialectum
660 4055 812 4122 pertinent
832 4083 875 4120 -—‚
894 4058 1010 4108 restant
1029 4069 1104 4122 ergo
1119 4051 1133 4105 7
1146 4054 1226 4108 inter
1238 4051 1280 4105 66.
1300 4053 1414 4107 Eadem

317 4151 354 4204 de
375 4166 467 4204 causa
486 4152 639 4204 nominum
659 4150 818 4205 Theocrito
832 4151 1036 4204 etHerondae
1050 4151 1252 4204 communium
1272 4158 1415 4203 numeros

316 4247 341 4301 2.
354 4247 379 4300 4.
393 4248 417 4301 5.
432 4247 486 4300 68
505 4263 644 4316 segrego,
664 4247 798 4301 deindel
820 4262 859 4299 ex
880 4247 1020 4301 litteris
1038 4262 1100 4301 non
1120 4245 1189 4301 Cois
1208 4247 1281 4300 satis
1300 4251 1415 4310 notum,

316 4345 433 4397 restant
452 4358 526 4412 orgo
546 4341 657 4396 ‘linter
675 4340 699 4396 8.
738 4342 900 4398 Nominum
928 4344 1021 4412 igitur
1047 4345 1180 4398 solorum
1202 4343 1318 4396 ratione
1342 4343 1416 4395 talia

319 4440 516 4495 demonstrari
538 4455 598 4492 uon
619 4454 707 4508 posse
726 4444 862 4509 apparet.
