3375 5192
771 473 947 529 ..32-

236 692 239 697 -
308 649 493 717 ludibundis
524 651 783 732 ioeulnribnsque
820 650 870 714 vel
906 651 1111 734 contemptim
1147 649 1295 730 inventis,
1329 669 1411 731 quae

303 767 405 832 habet
435 767 571 851 plurima
604 785 679 832 usus
713 766 870 845 vitae¹),
910 785 969 829 nec
1000 765 1105 828 minus
1143 766 1245 828 omnis
1284 764 1412 848 generis

306 882 489 966 scriptores.
537 880 620 958 Quid
638 880 734 965 igitur
759 882 870 944 mirum
887 878 973 962 quod
997 878 1164 944 comoedia
1189 879 1337 963 exempla
1360 886 1410 944 sat

307 996 406 1061 multa
429 997 562 1081 praebet
590 995 677 1060 velut
706 996 859 1075 Κέρβερος
888 995 1017 1060 Cleonis
1047 1015 1206 1078 agnomen
1230 1017 1250 1059 a
1274 994 1408 1059 Platone

308 1111 429 1175 comico
453 1111 628 1194 inventum,
655 1109 763 1174 Ψακάε
788 1109 942 1174 11111111.
970 1108 1106 1189 11501),
1132 1107 1288 1189 Ἑμβάδα(
1312 1109 1411 1194 Anyti

307 1245 465 1309 agnomen
498 1225 653 1290 comicum
686 1224 773 1303 παρὰ
806 1224 862 1288 τὰ(
894 1200 1032 1304 {phaone
1056 1222 1165 1288 Schol.
1200 1223 1283 1288 Plat.
1320 1224 1412 1307 Apol.

307 1361 337 1424 p.
363 1340 439 1404 330.

415 1452 446 1518 d.
490 1429 530 1516 ln
564 1451 613 1518 his
642 1451 788 1517 omnibus
815 1453 1095 1537 patronymica
1123 1453 1262 1516 maxime
1298 1453 1412 1520 erebra

308 1574 390 1649 sunt,
416 1566 456 1630 de
481 1587 612 1650 quorum
648 1566 680 1631 in
714 1568 781 1632 vita
815 1586 873 1630 usu
897 1564 1033 1630 Wendel
1065 1567 1099 1629 in
1123 1567 1306 1651 appendice
1330 1567 1411 1632 bene

309 1683 385 1766 egit.
434 1681 525 1758 onon
550 1683 581 1745 in
607 1680 774 1747 comoedia
799 1679 1001 1762 adhibentur,
1025 1680 1176 1765 Peppler,
1202 1683 1255 1764 qui
1280 1703 1350 1766 ap.
1367 1682 1409 1747 47

294 1796 456 1880 ¹exempla
480 1796 623 1878 collegit,
647 1796 793 1860 adhiberi
818 1803 928 1860 censet
952 1801 986 1859 ut
1017 1815 1132 1861 nomen
1163 1796 1291 1880 longius
1315 1802 1411 1877 atque

309 1911 473 1975 honestius
497 1910 644 1975 reddant.
692 1909 758 1976 Sed
791 1911 895 1974 altera
918 1929 1017 1975 cansa
1044 1909 1183 1982 aceedit.
1231 1911 1275 1976 Ut
1298 1908 1410 1975 addito

309 2027 409 2109 patris
448 2025 574 2089 nomine
613 2025 781 2090 nobilitate
820 2024 937 2106 aliquis
971 2023 1128 2107 gloriatur
1158 2024 1252 2089 -id
1286 2030 1412 2109 spectat

310 2139 618 2203 Batrachomachiae
644 2159 717 2204 usus
742 2138 796 2218 (de
820 2158 883 2220 quo
901 2161 930 2203 v.
947 2138 1021 2204 infr.
1040 2160 1071 2223 p.
1086 2139 1142 2220 74)
1165 2176 1198 2184 -
1220 2141 1266 2204 ia
1290 2159 1412 2204 comoe-

309 2253 383 2318 diae
407 2273 474 2318 mos
498 2260 557 2335 est,
582 2261 616 2319 ut
640 2253 681 2318 ad
705 2253 955 2337 significandam
972 2253 1108 2319 hominis
1124 2261 1270 2318 naturam
1286 2260 1410 2338 patrem

310 2370 338 2432 11
356 2369 461 2450 fingat
486 2368 572 2432 velut
585 2369 752 2433 Perdieem
773 2369 976 2434 Cleombroto
994 2369 1113 2453 Phryn.
1125 2369 1157 2432 ΙΙ
1171 2370 1237 2433 599
1249 2370 1295 2450 (3)
1320 2370 1411 2450 qnasi

310 2481 489 2565 libidinoso,
504 2458 621 2547 Sellrnn
637 2482 690 2560 Ar.
706 2484 800 2568 Vesp.
812 2485 889 2547 459.
902 2484 997 2548 1243.
1015 2484 1097 2548 1261
1116 2483 1296 2567 importuno
1313 2481 1411 2548 iaeta-

311 2599 380 2679 tori,
407 2592 616 2676 Θραεύμαχον
641 2597 779 2662 feminae
803 2597 975 2662 bellicosae
999 2597 1199 2682 Theopomp.
1217 2599 1249 2662 ΙΙ
1271 2598 1410 2678 813131,

191 2793 193 2798 Ι
311 2712 488 2778 Psacadem
496 2711 696 2777 Anhcharn.
709 2714 792 2776 1149
800 2714 1111 2797 omniaconspuonti.
1124 2712 1173 2777 ct.
1181 2712 1410 2778 Mnesilochum

310 2825 523 2910 Phrynondas
549 2827 603 2890 Ar.
630 2826 825 2911 Thesmoph.
859 2828 934 2910 861,
975 2826 1173 2892 Lamachum
1203 2827 1340 2910 Gorgasi
1365 2826 1409 2891 id.

311 2940 449 3004 Acharn.
464 2942 559 3022 1131,
577 2940 711 3006 Calliam
725 2941 900 3026 Hippobini
914 2940 1146 3024 1111111429,
1164 2939 1326 3006 Bacchum
1340 2939 1411 3015 υἱὸν

417 3185 443 3249 1)
464 3184 550 3248 Quod
570 3187 720 3238 testantur
740 3184 885 3252 imprimis
903 3183 1027 3236 nomina
1046 3183 1148 3236 civilia
1167 3183 1238 3237 inde
1268 3187 1342 3251 orta,
1372 3183 1411 3236 de

311 3281 421 3350 quibus
441 3280 499 3349 Sp,
520 3285 648 3334 testatur
667 3280 758 3333 etiarn
777 3279 895 3347 Synesii
916 3279 1000 3332 locus
1020 3294 1066 3348 ep.
1086 3279 1135 3347 IV,
1164 3280 1217 3334 ubi
1247 3284 1409 3332 nautarum

311 3377 497 3445 appellativa
517 3377 680 3444 praecipue
700 3390 738 3428 ex
759 3377 893 3444 corporis
921 3375 1038 3429 mendis
1057 3379 1157 3429 tracta
1186 3380 1410 3443 enumerantur,

311 3472 359 3524 vel
379 3471 450 3524 inde
470 3471 677 3525 memorabilia
697 3470 779 3538 quod
798 3471 885 3539 paria
904 3472 934 3523 in
956 3473 1018 3525 vita
1038 3477 1171 3526 exstant:
1204 3473 1302 3526 Χῶλο(
1320 3475 1411 3538 ὄνομα

311 3568 407 3633 κύριον
427 3566 545 3634 Suidas,
570 3569 605 3620 el.
627 3567 831 3621 Romanorum
850 3572 973 3636 gentem
993 3567 1159 3622 Claudiam.
1180 3570 1282 3637 κελήτῃ
1303 3569 1409 3622 Roma·

311 3679 384 3718 num
415 3664 529 3718 Hernia
561 3663 620 3719 Cic.
653 3665 691 3718 ad
724 3664 822 3727 Quint.
851 3666 886 3717 fr.
906 3664 962 3732 12,
982 3664 1008 3732 4,
1036 3666 1233 3732 ἀριετερόχειρι
1263 3664 1410 3720 Scaevola

311 3761 482 3829 respondet.
512 3763 669 3828 παραβλώψ
699 3761 779 3814 idern
808 3768 851 3815 est
884 3776 920 3814 ae
939 3760 1070 3816 Strabax
1099 3762 1147 3815 Pr.
1175 3762 1235 3817 Att.
1256 3762 1350 3816 12911
1381 3768 1410 3817 11
1445 3772 1449 3778 “

311 3856 408 3910 Plant.
428 3857 550 3911 Trucul.

274 4027 275 4030 Ἴ
418 3953 444 4016 2)
469 3953 678 4023 Compluribus
699 3954 794 4008 modis
823 3955 969 4023 explicari
998 3959 1096 4024 potest
1126 3957 1161 4008 ct.
1183 3954 1303 4009 Scholia
1322 3954 1361 4008 ad
1381 3955 1408 4022 1.,

255 4030 275 4044 4
312 4049 408 4104 Schol.
429 4049 505 4104 Nub.
526 4050 605 4103 1618.
625 4049 674 4119 Sp.
694 4067 720 4118 p.
745 4051 784 4103 12.
804 4050 847 4104 46.
867 4051 910 4104 55.
931 4049 1038 4104 Crasb.
1061 4067 1089 4119 p.
1102 4051 1145 4104 37.
1166 4049 1306 4106 Ceterum
1320 4051 1409 4103 aliam

312 4146 446 4200 eiusdem
467 4143 637 4215 agnominis
657 4162 777 4200 oausam
800 4146 829 4201 C.
850 4148 880 4200 F.
903 4148 1006 4216 Meyer
1025 4149 1120 4215 novit,
1139 4149 1169 4201 in
1190 4150 1276 4201 errius
1304 4147 1409 4200 tabula

312 4244 369 4296 Dic
391 4242 535 4296 Hoobneit
555 4243 607 4296 des
628 4243 749 4296 Miinehs
770 4259 899 4312 persona
918 4249 963 4297 est
984 4241 1132 4311 Cocciola,
1162 4246 1220 4298 clos
1238 4241 1332 4297 1111111
1351 4245 1409 4297 das·

317 4339 495 4408 Tro'pfcbc'c,
524 4338 591 4392 weil
618 4355 651 4392 er
675 4336 724 4392 1111
743 4339 848 4394 letztea
866 4338 1021 4410 lclebripen
1044 4341 1178 4410 Tropfca
1207 4357 1264 4395 1111
1284 4341 1343 4394 deo
1360 4357 1407 4409 pe·
1491 4336 1494 4344 '

312 4437 421 4490 lecrtoo
443 4437 574 4490 Gldserc
592 4438 939 4492 acsommcnzunascbcn
956 4441 1073 4509 pflepte.
