3375 5192
754 485 864 529 ΙΙ

789 516 965 587 ..ρμΔ

328 707 486 792 πίβουλον
510 705 737 790 Ἀρτεπίθυμον
769 709 895 791 lingere
925 704 1076 793 potuerit.
1123 696 1260 772 Accedit
1285 690 1369 790 quod
1395 704 1426 772 in

331 835 395 893 tam
413 827 582 912 perspicuo
596 825 733 902 ,nomine
750 824 803 889 vix
821 823 969 909 exemplo
986 824 1015 888 ei
1032 842 1111 908 opus
1127 829 1207 906 erat,
1232 824 1308 905 quin
1331 823 1427 888 eliam

330 940 391 1006 hoc
415 941 528 1006 melius
551 941 664 1006 fictum
689 938 815 1004 videtur
839 959 934 1022 quam
958 937 1037 1002 illud
1074 938 1126 1002 vel
1155 938 1262 1022 potius
1290 939 1428 1016 Ἀρτεπί-

330 1060 427 1133 copo<
452 1055 555 1139 magis
578 1055 730 1140 parasito,
755 1053 892 1119 alterum
915 1054 1019 1136 magis
1038 1053 1118 1117 muri
1143 1050 1302 1117 convenit.
1350 1052 1428 1118 Utut

330 1175 390 1251 ost,
415 1169 470 1234 rei
494 1167 719 1235 similitudines
735 1168 816 1233 satis
835 1167 1063 1250 intelleguntur
1078 1185 1119 1231 ex
1143 1185 1265 1230 murum
1289 1171 1322 1230 et
1338 1186 1430 1250 para·

330 1285 461 1350 sitorum
483 1290 597 1349 natura
621 1289 771 1367 cognata,
800 1302 896 1364 quam
921 1288 1057 1346 testatur·
1081 1280 1188 1345 Plauti
1200 1281 1288 1345 Pers.
1308 1280 1427 1362 55sqq.

331 1419 444 1481 noque,
469 1419 539 1464 cum
556 1403 746 1482 argumenta
769 1396 840 1481 ipsa
856 1395 941 1461 uode
957 1395 1085 1461 nomina
1101 1393 1263 1460 derivaret
1287 1392 1428 1475 aliunde,

332 1532 481 1595 nraguam
505 1519 627 1596 partem
652 1531 670 1576 e
687 1509 856 1576 comoedia
872 1516 1019 1592 sumeret,
1044 1507 1086 1575 ad
1102 1510 1238 1574 formam
1255 1508 1429 1573 Batracho-

333 1624 479 1690 rnachiae
502 1625 631 1690 nomina
655 1625 766 1690 unicus
790 1623 859 1690 eius
882 1624 1078 1688 fons-fuisse
1102 1621 1260 1688 videntur.

437 1739 469 1804 3.
494 1759 523 1805 a.
548 1739 705 1821 Denique,
730 1738 756 1802 si
773 1737 978 1821 Alciphronis
1002 1738 1191 1802 nominum
1215 1737 1429 1822 personalium

330 1855 550 1919 rationem
575 1854 615 1917 in
640 1854 893 1918 universum
911 1859 1105 1938 spectamus,
1128 1852 1229 1917 multa
1250 1851 1429 1917 invenimus

334 1975 408 2033 ante
433 1989 503 2033 oum
528 1967 654 2051 similia,
690 1966 840 2032 nonnulla
865 1968 893 2031 ei
917 1973 1004 2049 nota,
1039 1987 1144 2052 pauca
1166 1967 1340 2032 manifesta
1362 1967 1430 2030 imi-

331 2084 453 2148 tatione
493 2102 654 2168 exprossa.
713 2081 819 2160 Quare
860 2080 946 2146 haud
980 2080 1097 2147 iniuria
1132 2081 1249 2147 dicitur
1284 2081 1316 2145 in
1352 2081 1430 2166 ipsis

330 2197 510 2263 nominibus
545 2195 703 2280 eligendis
726 2194 931 2280 fingendisve
965 2214 1037 2260 eum
1060 2197 1198 2261 maxime
1228 2215 1318 2260 suum
1341 2215 1430 2280 prae·

335 2311 454 2376 stitisse
479 2310 641 2395 ingenium
665 2311 810 2394 liberum,
840 2317 992 2392 quantum
1017 2311 1144 2393 quidem
1169 2310 1255 2375 illius
1277 2311 1430 2395 temporis

333 2426 470 2510 scriptor
494 2425 575 2490 liber
592 2426 695 2510 potuit
712 2445 791 2491 esse.
827 2427 941 2508 Itaque
959 2426 1018 2490 etsi
1035 2426 1190 2509 exemplis
1213 2445 1299 2508 usus,
1324 2431 1430 2490 tamen

331 2559 393 2603 non
430 2539 619 2624 simpliciter·
652 2540 793 2604 imitatus
827 2537 975 2604 distinxit
1007 2546 1104 2623 atque
1139 2539 1248 2623 elegit,
1284 2560 1366 2622 quae
1401 2541 1432 2604 ei

333 2654 449 2720 idonea
466 2653 668 2719 videbantur.
716 2653 795 2720 (lum
818 2654 1025 2738 epistularum
1048 2656 1188 2738 nomina,
1213 2656 1327 2736 quibus
1351 2675 1431 2738 opus

332 2776 409 2844 erat,
428 2789 446 2834 c
463 2789 496 2833 ro
512 2770 573 2834 sibi
590 2768 746 2852 fingenda
762 2770 990 2855 proposuisset,
1008 2770 1054 2834 ita
1069 2773 1100 2833 in
1118 2789 1158 2835 ea
1170 2789 1204 2834 re
1218 2776 1431 2852 versatusest,

333 2893 367 2946 ut
383 2884 442 2948 nisi
456 2905 527 2948 raro
541 2903 581 2948 ex
597 2884 732 2967 singulis
744 2884 890 2968 epistulis
907 2885 1067 2948 nominum
1084 2904 1198 2949 causus
1214 2905 1276 2948 non
1290 2883 1432 2948 traheret

333 2997 389 3076 (cl.
407 3019 460 3082 pp.
478 3000 527 3062 12.
545 3000 598 3064 22.
614 2999 680 3081 46),
716 2997 773 3064 sed
797 2997 839 3064 ad
868 2997 996 3063 diversa
1019 2998 1225 3082 epistularum
1249 3019 1370 3080 genera
1393 3018 1431 3062 ea

332 3112 590 3178 accommodaret
616 3112 797 3198 piscatoriis
813 3113 997 3196 piscatoria,
1023 3113 1150 3177 rusticis
1171 3113 1289 3178 rustica
1305 3111 1431 3177 eodem·

334 3246 395 3306 ααα
410 3226 504 3292 modo
521 3227 637 3292 ceteris
653 3227 781 3291 nomina
798 3227 951 3309 tribuens,
976 3247 1109 3309 quorum
1126 3227 1275 3312 exempla
1291 3226 1430 3309 undique

334 3340 535 3421 corrquisivit.
597 3340 667 3419 Qua
709 3347 814 3405 tamen
856 3342 886 3404 in
929 3362 962 3407 re
1003 3362 1075 3406 curn
1111 3343 1256 3407 veritatis
1290 3341 1429 3425 speciem

335 3454 494 3535 ‹prrondam
520 3455 666 3531 affectet,
701 3455 742 3518 fit
766 3461 799 3518 ut
835 3475 983 3538 inagnum
1019 3442 1144 3539 partem
1182 3457 1268 3522 vitae
1303 3455 1431 3519 nomina

334 3569 498 3649 adhibeat,
535 3569 621 3634 velut
656 3569 758 3653 primo
794 3569 875 3634 libro
911 3569 1080 3634 Galateam
1113 3571 1269 3634 Galenam
1293 3568 1429 3634 Eudium

336 3683 538 3748 'l'lralassiurn
563 3683 711 3747 Pontium
742 3684 892 3767 primario
925 3704 1019 3749 seusu
1052 3705 1137 3766 usus,
1173 3684 1333 3749 nonnullis
1357 3703 1432 3748 vero

335 3797 421 3861 aliud
452 3819 634 3884 supponens
670 3804 810 3884 elymum
844 3820 884 3864 ao
919 3800 986 3865 vita
1011 3799 1098 3865 velut
1122 3798 1256 3883 Cyrtoni
1281 3797 1432 3863 Hermoni

336 3913 485 3977 Armenio
509 3913 686 3978 Auchenio.
732 3913 813 3977 Eam
849 3915 935 3979 vitae
965 3913 1137 3997 imaginem
1172 3919 1205 3977 ut
1240 3913 1433 3997 exprimeret

335 4030 532 4111 quantopere
569 4028 598 4092 ei
635 4027 816 4111 contigerit,
856 4029 985 4092 navium
1024 4027 1265 4092 Atheniensium
1305 4027 1434 4091 nomina

335 4140 452 4203 docent
497 4160 610 4224 reapse
652 4141 797 4206 similiter
840 4143 972 4207 inventa
1015 4147 1050 4206 ut
1095 4140 1247 4205 Γαλάτεια
1284 4140 1434 4218 Παραλία

337 4253 529 4332 Ἀγρεύουεα
542 4262 574 4320 et
591 4256 681 4334 Θήρα
698 4255 841 4320 Εὔπλοια
865 4261 897 4320 et
912 4256 1086 4334 l'lpdulouc
1104 4256 1270 4339 (ῳζομὲνη
1287 4255 1434 4339 (ᾠζοαεα

335 4369 525 4433 (ωείπτολιε
561 4369 700 4448 (uteros
730 4369 769 4450 (r.
789 4369 834 4434 le
853 4370 884 4432 ll
917 4368 1063 4449 indices).
1111 4370 1253 4433 Aliorum
1292 4376 1433 4452 elymum

335 4482 451 4546 nullius
474 4482 626 4547 momenti
646 4489 705 4564 est,
730 4489 802 4546 sunt
819 4483 956 4558 nomina,
982 4504 1064 4565 quae
1080 4483 1346 4568 appellativorum
1364 4482 1434 4546 loco
