<?xml version="1.0" encoding="UTF-8"?>
<!DOCTYPE html PUBLIC "-//W3C//DTD XHTML 1.0 Transitional//EN"
    "http://www.w3.org/TR/xhtml1/DTD/xhtml1-transitional.dtd">
<html xmlns="http://www.w3.org/1999/xhtml" xml:lang="en" lang="en">
 <head>
  <title>
</title>
<meta http-equiv="Content-Type" content="text/html;charset=utf-8" />
  <meta name='ocr-system' content='tesseract 3.04.00' />
  <meta name='ocr-capabilities' content='ocr_page ocr_carea ocr_par ocr_line ocrx_word'/>
</head>
<body>
  <div class='ocr_page' id='page_1' title='image "./denominibvsapvd01sondgoog_0066.png"; bbox 0 0 3375 5192; ppageno 0'>
   <div class='ocr_carea' id='block_1_1' title="bbox 799 491 974 544">
    <p class='ocr_par' dir='ltr' id='par_1_1' title="bbox 799 491 974 544">
     <span class='ocr_line' id='line_1_1' title="bbox 799 491 974 544; baseline 0 -14"><span class='ocrx_word' id='word_1_1' title='bbox 799 491 974 544; x_wconf 73' lang='grc'><strong>..64-</strong></span> 
     </span>
    </p>
   </div>
   <div class='ocr_carea' id='block_1_2' title="bbox 330 656 1449 2683">
    <p class='ocr_par' dir='ltr' id='par_1_2' title="bbox 331 656 1435 1545">
     <span class='ocr_line' id='line_1_2' title="bbox 334 656 1435 748; baseline 0.003 -26"><span class='ocrx_word' id='word_1_2' title='bbox 334 656 454 744; x_wconf 91' lang='lat' dir='ltr'>quippe</span> <span class='ocrx_word' id='word_1_3' title='bbox 478 657 562 740; x_wconf 90' lang='lat' dir='ltr'>quod</span> <span class='ocrx_word' id='word_1_4' title='bbox 587 659 670 724; x_wconf 87' lang='lat' dir='ltr'>bono</span> <span class='ocrx_word' id='word_1_5' title='bbox 694 659 798 722; x_wconf 91' lang='lat' dir='ltr'>omine</span> <span class='ocrx_word' id='word_1_6' title='bbox 822 659 993 748; x_wconf 79' lang='lat' dir='ltr'>observato</span> <span class='ocrx_word' id='word_1_7' title='bbox 1023 658 1139 725; x_wconf 92' lang='lat' dir='ltr'>homini</span> <span class='ocrx_word' id='word_1_8' title='bbox 1176 659 1315 743; x_wconf 79' lang='lat' dir='ltr'>eligatur</span> <span class='ocrx_word' id='word_1_9' title='bbox 1338 659 1435 744; x_wconf 93' lang='lat' dir='ltr'>pluri·</span> 
     </span>
     <span class='ocr_line' id='line_1_3' title="bbox 334 772 1434 857; baseline 0.004 -21"><span class='ocrx_word' id='word_1_10' title='bbox 334 792 481 855; x_wconf 89' lang='lat' dir='ltr'>mumque</span> <span class='ocrx_word' id='word_1_11' title='bbox 505 773 613 838; x_wconf 88' lang='lat' dir='ltr'>valeat</span> <span class='ocrx_word' id='word_1_12' title='bbox 640 773 673 837; x_wconf 92' lang='lat' dir='ltr'>in</span> <span class='ocrx_word' id='word_1_13' title='bbox 697 773 781 839; x_wconf 92' lang='lat' dir='ltr'>omui</span> <span class='ocrx_word' id='word_1_14' title='bbox 805 774 1041 857; x_wconf 78' lang='lat' dir='ltr'>superstitione,</span> <span class='ocrx_word' id='word_1_15' title='bbox 1075 794 1146 839; x_wconf 91' lang='lat' dir='ltr'>cum</span> <span class='ocrx_word' id='word_1_16' title='bbox 1182 772 1270 838; x_wconf 87' lang='lat' dir='ltr'>dieto</span> <span class='ocrx_word' id='word_1_17' title='bbox 1306 776 1434 840; x_wconf 90' lang='lat' dir='ltr'>nomine</span> 
     </span>
     <span class='ocr_line' id='line_1_4' title="bbox 334 886 1433 972; baseline 0.001 -21"><span class='ocrx_word' id='word_1_18' title='bbox 334 886 452 952; x_wconf 91' lang='lat' dir='ltr'>homini</span> <span class='ocrx_word' id='word_1_19' title='bbox 470 907 538 952; x_wconf 90' lang='lat' dir='ltr'>sors</span> <span class='ocrx_word' id='word_1_20' title='bbox 551 886 658 952; x_wconf 84' lang='lat' dir='ltr'>futura</span> <span class='ocrx_word' id='word_1_21' title='bbox 672 886 846 970; x_wconf 80' lang='lat' dir='ltr'>defigatur.</span> <span class='ocrx_word' id='word_1_22' title='bbox 883 889 934 952; x_wconf 93' lang='lat' dir='ltr'>lta</span> <span class='ocrx_word' id='word_1_23' title='bbox 950 908 1021 952; x_wconf 90' lang='lat' dir='ltr'>cum</span> <span class='ocrx_word' id='word_1_24' title='bbox 1038 888 1199 952; x_wconf 85' lang='lat' dir='ltr'>nominum</span> <span class='ocrx_word' id='word_1_25' title='bbox 1215 889 1433 972; x_wconf 88' lang='lat' dir='ltr'>significatum</span> 
     </span>
     <span class='ocr_line' id='line_1_5' title="bbox 331 1000 1434 1087; baseline 0 -21"><span class='ocrx_word' id='word_1_26' title='bbox 331 1002 498 1087; x_wconf 78' lang='lat' dir='ltr'>percipere</span> <span class='ocrx_word' id='word_1_27' title='bbox 513 1001 661 1083; x_wconf 80' lang='lat' dir='ltr'>solerent,</span> <span class='ocrx_word' id='word_1_28' title='bbox 685 1000 893 1085; x_wconf 89' lang='lat' dir='ltr'>intellegitur,</span> <span class='ocrx_word' id='word_1_29' title='bbox 910 1001 1069 1084; x_wconf 91' lang='lat' dir='ltr'>quomodo</span> <span class='ocrx_word' id='word_1_30' title='bbox 1086 1004 1277 1086; x_wconf 92' lang='lat' dir='ltr'>cognomina</span> <span class='ocrx_word' id='word_1_31' title='bbox 1293 1024 1333 1069; x_wconf 82' lang='lat' dir='ltr'>ex</span> <span class='ocrx_word' id='word_1_32' title='bbox 1354 1004 1434 1068; x_wconf 86' lang='lat' dir='ltr'>vitio</span> 
     </span>
     <span class='ocr_line' id='line_1_6' title="bbox 332 1115 1434 1202; baseline 0 -22"><span class='ocrx_word' id='word_1_33' title='bbox 332 1115 383 1180; x_wconf 91' lang='lat' dir='ltr'>vel</span> <span class='ocrx_word' id='word_1_34' title='bbox 407 1115 526 1181; x_wconf 87' lang='lat' dir='ltr'>virtute</span> <span class='ocrx_word' id='word_1_35' title='bbox 549 1115 652 1200; x_wconf 88' lang='lat' dir='ltr'>petita</span> <span class='ocrx_word' id='word_1_36' title='bbox 680 1115 835 1199; x_wconf 90' lang='lat' dir='ltr'>paulatim</span> <span class='ocrx_word' id='word_1_37' title='bbox 861 1115 981 1181; x_wconf 93' lang='lat' dir='ltr'>homini</span> <span class='ocrx_word' id='word_1_38' title='bbox 1009 1118 1139 1200; x_wconf 87' lang='lat' dir='ltr'>propria</span> <span class='ocrx_word' id='word_1_39' title='bbox 1161 1118 1234 1182; x_wconf 89' lang='lat' dir='ltr'>fieri</span> <span class='ocrx_word' id='word_1_40' title='bbox 1259 1118 1434 1202; x_wconf 90' lang='lat' dir='ltr'>potuerint.</span> 
     </span>
     <span class='ocr_line' id='line_1_7' title="bbox 332 1217 1433 1316; baseline -0.001 -20"><span class='ocrx_word' id='word_1_41' title='bbox 332 1229 445 1314; x_wconf 88' lang='lat' dir='ltr'>Neque</span> <span class='ocrx_word' id='word_1_42' title='bbox 469 1231 567 1314; x_wconf 89' lang='lat' dir='ltr'>igitur</span> <span class='ocrx_word' id='word_1_43' title='bbox 592 1229 652 1295; x_wconf 88' lang='lat' dir='ltr'>lioc</span> <span class='ocrx_word' id='word_1_44' title='bbox 676 1217 910 1313; x_wconf 76' lang='lat' dir='ltr'>mirum‚&#39;qu0d</span> <span class='ocrx_word' id='word_1_45' title='bbox 931 1231 1078 1296; x_wconf 90' lang='lat' dir='ltr'>omnibus</span> <span class='ocrx_word' id='word_1_46' title='bbox 1100 1232 1297 1316; x_wconf 72' lang='lat' dir='ltr'>temporibus</span> <span class='ocrx_word' id='word_1_47' title='bbox 1314 1232 1433 1298; x_wconf 84' lang='lat' dir='ltr'>Graeci</span> 
     </span>
     <span class='ocr_line' id='line_1_8' title="bbox 331 1343 1433 1430; baseline 0 -21"><span class='ocrx_word' id='word_1_48' title='bbox 331 1345 492 1425; x_wconf 84' lang='lat' dir='ltr'>nominum</span> <span class='ocrx_word' id='word_1_49' title='bbox 526 1351 633 1429; x_wconf 88' lang='lat' dir='ltr'>etymo</span> <span class='ocrx_word' id='word_1_50' title='bbox 662 1343 771 1409; x_wconf 90' lang='lat' dir='ltr'>ludere</span> <span class='ocrx_word' id='word_1_51' title='bbox 799 1344 955 1429; x_wconf 88' lang='lat' dir='ltr'>solebant,</span> <span class='ocrx_word' id='word_1_52' title='bbox 991 1347 1082 1411; x_wconf 88' lang='lat' dir='ltr'>cuins</span> <span class='ocrx_word' id='word_1_53' title='bbox 1104 1345 1192 1411; x_wconf 88' lang='lat' dir='ltr'>lusus</span> <span class='ocrx_word' id='word_1_54' title='bbox 1223 1345 1433 1430; x_wconf 79' lang='lat' dir='ltr'>etymologici</span> 
     </span>
     <span class='ocr_line' id='line_1_9' title="bbox 332 1459 1170 1545; baseline -0.001 -20"><span class='ocrx_word' id='word_1_55' title='bbox 332 1460 479 1545; x_wconf 80' lang='lat' dir='ltr'>exempla</span> <span class='ocrx_word' id='word_1_56' title='bbox 503 1479 543 1525; x_wconf 83' lang='lat' dir='ltr'>ex</span> <span class='ocrx_word' id='word_1_57' title='bbox 568 1459 636 1524; x_wconf 89' lang='lat' dir='ltr'>vita</span> <span class='ocrx_word' id='word_1_58' title='bbox 659 1465 691 1524; x_wconf 90' lang='lat' dir='ltr'>et</span> <span class='ocrx_word' id='word_1_59' title='bbox 706 1459 830 1524; x_wconf 90' lang='lat' dir='ltr'>litteris</span> <span class='ocrx_word' id='word_1_60' title='bbox 853 1467 1001 1526; x_wconf 87' lang='lat' dir='ltr'>sescenta</span> <span class='ocrx_word' id='word_1_61' title='bbox 1025 1466 1170 1526; x_wconf 73' lang='lat' dir='ltr'>exstant.</span> 
     </span>
    </p>

    <p class='ocr_par' dir='ltr' id='par_1_3' title="bbox 330 1572 1449 2683">
     <span class='ocr_line' id='line_1_10' title="bbox 355 1572 1432 1651; baseline -0.001 -12"><span class='ocrx_word' id='word_1_62' title='bbox 355 1576 356 1579; x_wconf 73' lang='grc'>’</span> <span class='ocrx_word' id='word_1_63' title='bbox 438 1575 469 1639; x_wconf 87' lang='grc' dir='ltr'>ὐ.</span> <span class='ocrx_word' id='word_1_64' title='bbox 494 1572 592 1651; x_wconf 77' lang='lat' dir='ltr'>Quasi</span> <span class='ocrx_word' id='word_1_65' title='bbox 617 1574 695 1638; x_wconf 90' lang='lat' dir='ltr'>artis</span> <span class='ocrx_word' id='word_1_66' title='bbox 717 1572 898 1640; x_wconf 81' lang='lat' dir='ltr'>rhetoricae</span> <span class='ocrx_word' id='word_1_67' title='bbox 913 1576 1013 1640; x_wconf 75' lang='grc' dir='ltr'>τόποι</span> <span class='ocrx_word' id='word_1_68' title='bbox 1029 1576 1195 1641; x_wconf 83' lang='lat' dir='ltr'>Aristoteli</span> <span class='ocrx_word' id='word_1_69' title='bbox 1217 1574 1258 1640; x_wconf 87' lang='lat' dir='ltr'>de</span> <span class='ocrx_word' id='word_1_70' title='bbox 1275 1580 1335 1640; x_wconf 89' lang='lat' dir='ltr'>art.</span> <span class='ocrx_word' id='word_1_71' title='bbox 1351 1574 1432 1640; x_wconf 88' lang='lat' dir='ltr'>rhet.</span> 
     </span>
     <span class='ocr_line' id='line_1_11' title="bbox 331 1687 1432 1774; baseline 0.001 -21"><span class='ocrx_word' id='word_1_72' title='bbox 331 1688 421 1753; x_wconf 81' lang='lat'>1123</span> <span class='ocrx_word' id='word_1_73' title='bbox 437 1689 556 1754; x_wconf 77' lang='grc'><strong>14001)</strong></span> <span class='ocrx_word' id='word_1_74' title='bbox 575 1689 653 1768; x_wconf 77' lang='lat'>171)</span> <span class='ocrx_word' id='word_1_75' title='bbox 673 1687 726 1753; x_wconf 93' lang='lat' dir='ltr'>ille</span> <span class='ocrx_word' id='word_1_76' title='bbox 743 1688 849 1753; x_wconf 90' lang='lat' dir='ltr'>lusus</span> <span class='ocrx_word' id='word_1_77' title='bbox 871 1690 1190 1774; x_wconf 73' lang='lat' dir='ltr'>etymologicus²l</span> <span class='ocrx_word' id='word_1_78' title='bbox 1214 1689 1353 1772; x_wconf 87' lang='lat' dir='ltr'>videtur,</span> <span class='ocrx_word' id='word_1_79' title='bbox 1378 1690 1432 1773; x_wconf 90' lang='lat' dir='ltr'>qui</span> 
     </span>
     <span class='ocr_line' id='line_1_12' title="bbox 330 1800 1433 1871; baseline 0.001 -4"><span class='ocrx_word' id='word_1_80' title='bbox 330 1822 446 1867; x_wconf 92' lang='lat' dir='ltr'>nomen</span> <span class='ocrx_word' id='word_1_81' title='bbox 481 1809 513 1867; x_wconf 91' lang='lat' dir='ltr'>et</span> <span class='ocrx_word' id='word_1_82' title='bbox 543 1822 651 1868; x_wconf 85' lang='lat' dir='ltr'>reram</span> <span class='ocrx_word' id='word_1_83' title='bbox 687 1800 823 1868; x_wconf 90' lang='lat' dir='ltr'>hominis</span> <span class='ocrx_word' id='word_1_84' title='bbox 858 1803 909 1868; x_wconf 90' lang='lat' dir='ltr'>rel</span> <span class='ocrx_word' id='word_1_85' title='bbox 941 1810 1088 1869; x_wconf 90' lang='lat' dir='ltr'>naturam</span> <span class='ocrx_word' id='word_1_86' title='bbox 1124 1805 1185 1870; x_wconf 88' lang='lat' dir='ltr'>vel·</span> <span class='ocrx_word' id='word_1_87' title='bbox 1211 1811 1328 1871; x_wconf 79' lang='lat' dir='ltr'>sortem</span> <span class='ocrx_word' id='word_1_88' title='bbox 1364 1804 1433 1868; x_wconf 88' lang='lat' dir='ltr'>sive</span> 
     </span>
     <span class='ocr_line' id='line_1_13' title="bbox 331 1915 1431 1996; baseline -0.003 -13"><span class='ocrx_word' id='word_1_89' title='bbox 331 1918 510 1984; x_wconf 90' lang='lat' dir='ltr'>consentire</span> <span class='ocrx_word' id='word_1_90' title='bbox 549 1917 617 1982; x_wconf 91' lang='lat' dir='ltr'>sive</span> <span class='ocrx_word' id='word_1_91' title='bbox 655 1915 790 1984; x_wconf 85' lang='lat' dir='ltr'>differre</span> <span class='ocrx_word' id='word_1_92' title='bbox 804 1918 829 1996; x_wconf 75' lang='grc'>3)</span> <span class='ocrx_word' id='word_1_93' title='bbox 869 1916 949 1982; x_wconf 87' lang='lat' dir='ltr'>dicit</span> <span class='ocrx_word' id='word_1_94' title='bbox 987 1916 1076 1982; x_wconf 88' lang='lat' dir='ltr'>velut</span> <span class='ocrx_word' id='word_1_95' title='bbox 1107 1919 1172 1983; x_wconf 90' lang='lat' dir='ltr'>iam</span> <span class='ocrx_word' id='word_1_96' title='bbox 1200 1919 1359 1984; x_wconf 89' lang='lat' dir='ltr'>Homerus</span> <span class='ocrx_word' id='word_1_97' title='bbox 1395 1917 1431 1980; x_wconf 92' lang='lat' dir='ltr'>ll.</span> 
     </span>
     <span class='ocr_line' id='line_1_14' title="bbox 331 2029 1431 2116; baseline 0 -20"><span class='ocrx_word' id='word_1_98' title='bbox 331 2031 377 2096; x_wconf 93' lang='lat' dir='ltr'>VI</span> <span class='ocrx_word' id='word_1_99' title='bbox 400 2031 465 2096; x_wconf 84' lang='lat'>403</span> <span class='ocrx_word' id='word_1_100' title='bbox 501 2029 709 2115; x_wconf 85' lang='lat' dir='ltr'>Astyanactis</span> <span class='ocrx_word' id='word_1_101' title='bbox 740 2049 855 2095; x_wconf 92' lang='lat' dir='ltr'>nomen</span> <span class='ocrx_word' id='word_1_102' title='bbox 891 2031 1041 2116; x_wconf 81' lang='lat' dir='ltr'>explicet.</span> <span class='ocrx_word' id='word_1_103' title='bbox 1089 2033 1159 2098; x_wconf 90' lang='lat' dir='ltr'>Nee</span> <span class='ocrx_word' id='word_1_104' title='bbox 1194 2033 1293 2098; x_wconf 90' lang='lat' dir='ltr'>ceteri</span> <span class='ocrx_word' id='word_1_105' title='bbox 1318 2033 1431 2098; x_wconf 90' lang='lat' dir='ltr'>carmi·</span> 
     </span>
     <span class='ocr_line' id='line_1_15' title="bbox 330 2142 1449 2238; baseline -0.001 -29"><span class='ocrx_word' id='word_1_106' title='bbox 330 2166 403 2210; x_wconf 90' lang='lat' dir='ltr'>num</span> <span class='ocrx_word' id='word_1_107' title='bbox 429 2146 629 2230; x_wconf 89' lang='lat' dir='ltr'>epicorum</span> <span class='ocrx_word' id='word_1_108' title='bbox 664 2151 780 2228; x_wconf 90' lang='lat' dir='ltr'>poetae</span> <span class='ocrx_word' id='word_1_109' title='bbox 808 2144 849 2208; x_wconf 86' lang='lat' dir='ltr'>ab</span> <span class='ocrx_word' id='word_1_110' title='bbox 878 2142 939 2209; x_wconf 92' lang='lat' dir='ltr'>hoc</span> <span class='ocrx_word' id='word_1_111' title='bbox 973 2144 1053 2230; x_wconf 90' lang='lat' dir='ltr'>lusu</span> <span class='ocrx_word' id='word_1_112' title='bbox 1071 2144 1243 2223; x_wconf 87' lang='lat' dir='ltr'>abstinent,</span> <span class='ocrx_word' id='word_1_113' title='bbox 1280 2145 1334 2227; x_wconf 92' lang='lat' dir='ltr'>qui</span> <span class='ocrx_word' id='word_1_114' title='bbox 1360 2165 1449 2238; x_wconf 87' lang='lat' dir='ltr'>curn</span> 
     </span>
     <span class='ocr_line' id='line_1_16' title="bbox 330 2257 1430 2344; baseline -0.002 -20"><span class='ocrx_word' id='word_1_115' title='bbox 330 2257 417 2343; x_wconf 87' lang='lat' dir='ltr'>apud</span> <span class='ocrx_word' id='word_1_116' title='bbox 430 2278 564 2344; x_wconf 78' lang='lat' dir='ltr'>poeseos</span> <span class='ocrx_word' id='word_1_117' title='bbox 580 2277 663 2344; x_wconf 87' lang='lat' dir='ltr'>quae</span> <span class='ocrx_word' id='word_1_118' title='bbox 673 2257 790 2324; x_wconf 90' lang='lat' dir='ltr'>dicitur</span> <span class='ocrx_word' id='word_1_119' title='bbox 805 2259 955 2342; x_wconf 86' lang='lat' dir='ltr'>lyricae</span> <span class='ocrx_word' id='word_1_120' title='bbox 967 2265 1115 2325; x_wconf 78' lang='lat' dir='ltr'>auctores</span> <span class='ocrx_word' id='word_1_121' title='bbox 1125 2261 1228 2325; x_wconf 89' lang='lat' dir='ltr'>rarius</span> <span class='ocrx_word' id='word_1_122' title='bbox 1238 2261 1430 2342; x_wconf 88' lang='lat' dir='ltr'>inveniatur,</span> 
     </span>
     <span class='ocr_line' id='line_1_17' title="bbox 330 2372 1432 2459; baseline 0.003 -24"><span class='ocrx_word' id='word_1_123' title='bbox 330 2372 605 2454; x_wconf 87' lang='lat' dir='ltr'>frequentissimus</span> <span class='ocrx_word' id='word_1_124' title='bbox 629 2378 677 2438; x_wconf 89' lang='lat' dir='ltr'>est</span> <span class='ocrx_word' id='word_1_125' title='bbox 699 2372 785 2457; x_wconf 88' lang='lat' dir='ltr'>apud</span> <span class='ocrx_word' id='word_1_126' title='bbox 802 2374 1027 2457; x_wconf 62' lang='lat' dir='ltr'>tragicost).</span> <span class='ocrx_word' id='word_1_127' title='bbox 1053 2373 1208 2439; x_wconf 88' lang='lat' dir='ltr'>Similiter</span> <span class='ocrx_word' id='word_1_128' title='bbox 1224 2381 1321 2456; x_wconf 88' lang='lat' dir='ltr'>atque</span> <span class='ocrx_word' id='word_1_129' title='bbox 1337 2376 1432 2459; x_wconf 89' lang='lat' dir='ltr'>epiea</span> 
     </span>
     <span class='ocr_line' id='line_1_18' title="bbox 332 2487 1431 2572; baseline 0.004 -23"><span class='ocrx_word' id='word_1_130' title='bbox 332 2488 474 2552; x_wconf 87' lang='lat' dir='ltr'>carmina</span> <span class='ocrx_word' id='word_1_131' title='bbox 508 2487 678 2572; x_wconf 83' lang='lat' dir='ltr'>tragoedia</span> <span class='ocrx_word' id='word_1_132' title='bbox 714 2507 785 2553; x_wconf 88' lang='lat' dir='ltr'>eum</span> <span class='ocrx_word' id='word_1_133' title='bbox 819 2488 986 2572; x_wconf 90' lang='lat' dir='ltr'>permultis</span> <span class='ocrx_word' id='word_1_134' title='bbox 1018 2490 1198 2554; x_wconf 89' lang='lat' dir='ltr'>nominibus</span> <span class='ocrx_word' id='word_1_135' title='bbox 1222 2487 1353 2553; x_wconf 91' lang='lat' dir='ltr'>deorum</span> <span class='ocrx_word' id='word_1_136' title='bbox 1377 2488 1431 2553; x_wconf 87' lang='lat' dir='ltr'>vel</span> 
     </span>
     <span class='ocr_line' id='line_1_19' title="bbox 331 2601 1429 2683; baseline -0.002 -17"><span class='ocrx_word' id='word_1_137' title='bbox 331 2601 461 2668; x_wconf 88' lang='lat' dir='ltr'>heroum</span> <span class='ocrx_word' id='word_1_138' title='bbox 486 2601 619 2668; x_wconf 89' lang='lat' dir='ltr'>historia</span> <span class='ocrx_word' id='word_1_139' title='bbox 642 2601 781 2667; x_wconf 86' lang='lat' dir='ltr'>fabulari</span> <span class='ocrx_word' id='word_1_140' title='bbox 806 2601 934 2669; x_wconf 88' lang='lat' dir='ltr'>traditis</span> <span class='ocrx_word' id='word_1_141' title='bbox 967 2623 1033 2667; x_wconf 94' lang='lat' dir='ltr'>rem</span> <span class='ocrx_word' id='word_1_142' title='bbox 1069 2603 1165 2667; x_wconf 91' lang='lat' dir='ltr'>habet</span> <span class='ocrx_word' id='word_1_143' title='bbox 1200 2602 1303 2683; x_wconf 90' lang='lat' dir='ltr'>iisque</span> <span class='ocrx_word' id='word_1_144' title='bbox 1336 2602 1429 2667; x_wconf 86' lang='lat' dir='ltr'>ludit.</span> 
     </span>
    </p>
   </div>
   <div class='ocr_carea' id='block_1_3' title="bbox 301 2786 1534 3166">
    <p class='ocr_par' dir='ltr' id='par_1_4' title="bbox 301 2786 1534 3166">
     <span class='ocr_line' id='line_1_20' title="bbox 301 2786 1431 2874; baseline -0.003 -14"><span class='ocrx_word' id='word_1_145' title='bbox 301 2786 304 2790; x_wconf 39' lang='grc'><strong>’</strong></span> <span class='ocrx_word' id='word_1_146' title='bbox 331 2805 375 2860; x_wconf 90' lang='lat' dir='ltr'>W.</span> <span class='ocrx_word' id='word_1_147' title='bbox 396 2805 600 2872; x_wconf 89' lang='lat' dir='ltr'>Heitmueller,</span> <span class='ocrx_word' id='word_1_148' title='bbox 620 2805 671 2874; x_wconf 93' lang='lat' dir='ltr'>qui</span> <span class='ocrx_word' id='word_1_149' title='bbox 691 2805 724 2858; x_wconf 85' lang='lat' dir='ltr'>in</span> <span class='ocrx_word' id='word_1_150' title='bbox 741 2805 818 2860; x_wconf 89' lang='lat' dir='ltr'>libro</span> <span class='ocrx_word' id='word_1_151' title='bbox 840 2805 901 2874; x_wconf 80' lang='lat' dir='ltr'>„Im</span> <span class='ocrx_word' id='word_1_152' title='bbox 920 2804 1036 2860; x_wconf 88' lang='lat' dir='ltr'>Namen</span> <span class='ocrx_word' id='word_1_153' title='bbox 1049 2803 1139 2860; x_wconf 82' lang='lat' dir='ltr'>Jesu“</span> <span class='ocrx_word' id='word_1_154' title='bbox 1161 2802 1346 2872; x_wconf 84' lang='lat' dir='ltr'>Goettingen</span> <span class='ocrx_word' id='word_1_155' title='bbox 1361 2803 1431 2857; x_wconf 84' lang='grc'><strong>1903</strong></span> 
     </span>
     <span class='ocr_line' id='line_1_21' title="bbox 331 2889 1534 2973; baseline -0.002 -16"><span class='ocrx_word' id='word_1_156' title='bbox 331 2905 464 2957; x_wconf 88' lang='lat' dir='ltr'>omnium</span> <span class='ocrx_word' id='word_1_157' title='bbox 484 2902 666 2973; x_wconf 89' lang='lat' dir='ltr'>populorum</span> <span class='ocrx_word' id='word_1_158' title='bbox 686 2907 715 2956; x_wconf 91' lang='lat' dir='ltr'>et</span> <span class='ocrx_word' id='word_1_159' title='bbox 734 2908 905 2972; x_wconf 89' lang='lat' dir='ltr'>temporum</span> <span class='ocrx_word' id='word_1_160' title='bbox 934 2902 971 2964; x_wconf 81' lang='lat' dir='ltr'>de</span> <span class='ocrx_word' id='word_1_161' title='bbox 990 2902 1119 2956; x_wconf 89' lang='lat' dir='ltr'>nominis</span> <span class='ocrx_word' id='word_1_162' title='bbox 1139 2901 1169 2954; x_wconf 92' lang='lat' dir='ltr'>vi</span> <span class='ocrx_word' id='word_1_163' title='bbox 1190 2901 1429 2955; x_wconf 85' lang='lat' dir='ltr'>existimationes</span> <span class='ocrx_word' id='word_1_164' title='bbox 1532 2889 1534 2892; x_wconf 10' lang='grc' dir='ltr'><em>Α</em></span> 
     </span>
     <span class='ocr_line' id='line_1_22' title="bbox 331 2996 1430 3069; baseline 0 -17"><span class='ocrx_word' id='word_1_165' title='bbox 331 3015 367 3052; x_wconf 92' lang='lat' dir='ltr'>ac</span> <span class='ocrx_word' id='word_1_166' title='bbox 396 2996 626 3069; x_wconf 85' lang='lat' dir='ltr'>superstitiones</span> <span class='ocrx_word' id='word_1_167' title='bbox 662 2999 796 3053; x_wconf 92' lang='lat' dir='ltr'>eontulit.</span> <span class='ocrx_word' id='word_1_168' title='bbox 835 3000 871 3052; x_wconf 85' lang='lat' dir='ltr'>et.</span> <span class='ocrx_word' id='word_1_169' title='bbox 903 2999 1048 3067; x_wconf 87' lang='lat' dir='ltr'>imprimis</span> <span class='ocrx_word' id='word_1_170' title='bbox 1079 3013 1107 3066; x_wconf 90' lang='lat' dir='ltr'>p.</span> <span class='ocrx_word' id='word_1_171' title='bbox 1127 2997 1179 3052; x_wconf 74' lang='lat'>154</span> <span class='ocrx_word' id='word_1_172' title='bbox 1194 3012 1259 3066; x_wconf 86' lang='lat' dir='ltr'>sqq.</span> <span class='ocrx_word' id='word_1_173' title='bbox 1278 3013 1307 3066; x_wconf 89' lang='lat' dir='ltr'>p.</span> <span class='ocrx_word' id='word_1_174' title='bbox 1327 2997 1377 3050; x_wconf 86' lang='lat'>161</span> <span class='ocrx_word' id='word_1_175' title='bbox 1387 3013 1430 3066; x_wconf 90' lang='lat' dir='ltr'>sq.</span> 
     </span>
     <span class='ocr_line' id='line_1_23' title="bbox 331 3095 1431 3166; baseline 0 -16"><span class='ocrx_word' id='word_1_176' title='bbox 331 3095 470 3164; x_wconf 90' lang='lat' dir='ltr'>Denique</span> <span class='ocrx_word' id='word_1_177' title='bbox 489 3097 525 3150; x_wconf 85' lang='lat' dir='ltr'>cf.</span> <span class='ocrx_word' id='word_1_178' title='bbox 545 3096 579 3149; x_wconf 87' lang='lat' dir='ltr'>R.</span> <span class='ocrx_word' id='word_1_179' title='bbox 592 3096 795 3151; x_wconf 86' lang='lat' dir='ltr'>Reitzenstein</span> <span class='ocrx_word' id='word_1_180' title='bbox 814 3095 1012 3150; x_wconf 87' lang='lat' dir='ltr'>Poimandres</span> <span class='ocrx_word' id='word_1_181' title='bbox 1031 3095 1152 3165; x_wconf 85' lang='lat' dir='ltr'>Lipsiae</span> <span class='ocrx_word' id='word_1_182' title='bbox 1163 3096 1233 3151; x_wconf 89' lang='grc'><strong>1904</strong></span> <span class='ocrx_word' id='word_1_183' title='bbox 1243 3113 1271 3166; x_wconf 93' lang='lat' dir='ltr'>p.</span> <span class='ocrx_word' id='word_1_184' title='bbox 1284 3098 1316 3151; x_wconf 81' lang='lat'>17</span> <span class='ocrx_word' id='word_1_185' title='bbox 1330 3097 1400 3150; x_wconf 89' lang='lat' dir='ltr'>adn.</span> <span class='ocrx_word' id='word_1_186' title='bbox 1414 3098 1431 3150; x_wconf 88' lang='grc'>6</span> 
     </span>
    </p>
   </div>
   <div class='ocr_carea' id='block_1_4' title="bbox 259 3190 1431 3937">
    <p class='ocr_par' dir='ltr' id='par_1_5' title="bbox 330 3190 1431 3458">
     <span class='ocr_line' id='line_1_24' title="bbox 332 3190 1431 3263; baseline 0.002 -17"><span class='ocrx_word' id='word_1_187' title='bbox 332 3193 410 3262; x_wconf 85' lang='lat' dir='ltr'>„Der</span> <span class='ocrx_word' id='word_1_188' title='bbox 429 3192 523 3248; x_wconf 88' lang='lat' dir='ltr'>Name</span> <span class='ocrx_word' id='word_1_189' title='bbox 542 3193 580 3246; x_wconf 91' lang='lat' dir='ltr'>ist</span> <span class='ocrx_word' id='word_1_190' title='bbox 604 3193 635 3245; x_wconf 92' lang='lat' dir='ltr'>iu</span> <span class='ocrx_word' id='word_1_191' title='bbox 662 3191 764 3246; x_wconf 88' lang='lat' dir='ltr'>diesen</span> <span class='ocrx_word' id='word_1_192' title='bbox 793 3193 976 3261; x_wconf 91' lang='lat' dir='ltr'>mystisehen</span> <span class='ocrx_word' id='word_1_193' title='bbox 996 3190 1130 3247; x_wconf 85' lang='lat' dir='ltr'>Stiicken</span> <span class='ocrx_word' id='word_1_194' title='bbox 1162 3195 1360 3263; x_wconf 90' lang='lat' dir='ltr'>(papyrorum</span> <span class='ocrx_word' id='word_1_195' title='bbox 1379 3199 1431 3259; x_wconf 86' lang='lat' dir='ltr'>se.)</span> 
     </span>
     <span class='ocr_line' id='line_1_25' title="bbox 330 3288 1430 3360; baseline 0.001 -18"><span class='ocrx_word' id='word_1_196' title='bbox 330 3290 390 3342; x_wconf 86' lang='lat' dir='ltr'>fast</span> <span class='ocrx_word' id='word_1_197' title='bbox 408 3288 507 3357; x_wconf 88' lang='lat' dir='ltr'>gleich</span> <span class='ocrx_word' id='word_1_198' title='bbox 528 3288 582 3342; x_wconf 90' lang='lat' dir='ltr'>der</span> <span class='ocrx_word' id='word_1_199' title='bbox 600 3288 714 3342; x_wconf 88' lang='lat' dir='ltr'>Person</span> <span class='ocrx_word' id='word_1_200' title='bbox 735 3288 809 3343; x_wconf 89' lang='lat' dir='ltr'>oder</span> <span class='ocrx_word' id='word_1_201' title='bbox 831 3290 915 3342; x_wconf 87' lang='lat' dir='ltr'>einer</span> <span class='ocrx_word' id='word_1_202' title='bbox 934 3288 1105 3358; x_wconf 90' lang='lat' dir='ltr'>Hypostase</span> <span class='ocrx_word' id='word_1_203' title='bbox 1125 3305 1186 3344; x_wconf 90' lang='lat' dir='ltr'>von</span> <span class='ocrx_word' id='word_1_204' title='bbox 1205 3290 1267 3343; x_wconf 72' lang='lat' dir='ltr'>ihr¹⁴</span> <span class='ocrx_word' id='word_1_205' title='bbox 1289 3306 1326 3344; x_wconf 90' lang='lat' dir='ltr'>ac</span> <span class='ocrx_word' id='word_1_206' title='bbox 1340 3306 1367 3360; x_wconf 92' lang='lat' dir='ltr'>p.</span> <span class='ocrx_word' id='word_1_207' title='bbox 1377 3290 1430 3346; x_wconf 78' lang='lat'>256</span> 
     </span>
     <span class='ocr_line' id='line_1_26' title="bbox 330 3383 751 3458; baseline 0 -19"><span class='ocrx_word' id='word_1_208' title='bbox 330 3386 361 3439; x_wconf 90' lang='lat' dir='ltr'>et</span> <span class='ocrx_word' id='word_1_209' title='bbox 379 3385 623 3454; x_wconf 89' lang='lat' dir='ltr'>supplementum</span> <span class='ocrx_word' id='word_1_210' title='bbox 643 3400 671 3453; x_wconf 91' lang='lat' dir='ltr'>p.</span> <span class='ocrx_word' id='word_1_211' title='bbox 690 3383 751 3458; x_wconf 75' lang='lat'>366.</span> 
     </span>
    </p>

    <p class='ocr_par' dir='ltr' id='par_1_6' title="bbox 329 3480 1431 3647">
     <span class='ocr_line' id='line_1_27' title="bbox 439 3480 1431 3550; baseline 0.005 -17"><span class='ocrx_word' id='word_1_212' title='bbox 439 3480 464 3547; x_wconf 90' lang='lat'>1)</span> <span class='ocrx_word' id='word_1_213' title='bbox 483 3482 566 3534; x_wconf 78' lang='grc' dir='ltr'>ἄλλοι</span> <span class='ocrx_word' id='word_1_214' title='bbox 586 3480 642 3534; x_wconf 85' lang='grc' dir='ltr'>ἀπὸ</span> <span class='ocrx_word' id='word_1_215' title='bbox 661 3485 713 3534; x_wconf 86' lang='grc' dir='ltr'>τού</span> <span class='ocrx_word' id='word_1_216' title='bbox 733 3480 873 3547; x_wconf 83' lang='grc' dir='ltr'>ὀνόματοε</span> <span class='ocrx_word' id='word_1_217' title='bbox 893 3480 956 3535; x_wconf 81' lang='grc' dir='ltr'>οἷον</span> <span class='ocrx_word' id='word_1_218' title='bbox 976 3483 1015 3536; x_wconf 78' lang='grc' dir='ltr'>ὡ(</span> <span class='ocrx_word' id='word_1_219' title='bbox 1034 3482 1180 3550; x_wconf 67' lang='lat' dir='ltr'>(opositis</span> <span class='ocrx_word' id='word_1_220' title='bbox 1199 3523 1248 3538; x_wconf 91' lang='lat'>...</span> <span class='ocrx_word' id='word_1_221' title='bbox 1272 3484 1431 3538; x_wconf 90' lang='grc' dir='ltr'>Κόνων...</span> 
     </span>
     <span class='ocr_line' id='line_1_28' title="bbox 329 3576 1329 3647; baseline 0.006 -19"><span class='ocrx_word' id='word_1_222' title='bbox 329 3576 473 3643; x_wconf 76' lang='grc' dir='ltr'>Ἠρόδικοε</span> <span class='ocrx_word' id='word_1_223' title='bbox 494 3615 501 3629; x_wconf 90' lang='grc'><strong>.</strong></span> <span class='ocrx_word' id='word_1_224' title='bbox 520 3616 526 3630; x_wconf 92' lang='grc'><strong>.</strong></span> <span class='ocrx_word' id='word_1_225' title='bbox 547 3615 553 3631; x_wconf 95' lang='grc'><strong>.</strong></span> <span class='ocrx_word' id='word_1_226' title='bbox 572 3578 590 3642; x_wconf 85' lang='grc' dir='ltr'>ἡ</span> <span class='ocrx_word' id='word_1_227' title='bbox 611 3576 758 3644; x_wconf 83' lang='grc' dir='ltr'>Εὐριπίδου</span> <span class='ocrx_word' id='word_1_228' title='bbox 775 3578 879 3644; x_wconf 83' lang='grc' dir='ltr'>Ἒκύβη</span> <span class='ocrx_word' id='word_1_229' title='bbox 900 3618 906 3632; x_wconf 99' lang='grc'><strong>.</strong></span> <span class='ocrx_word' id='word_1_230' title='bbox 927 3617 935 3632; x_wconf 89' lang='grc'><strong>.</strong></span> <span class='ocrx_word' id='word_1_231' title='bbox 954 3617 960 3632; x_wconf 96' lang='grc'><strong>.</strong></span> <span class='ocrx_word' id='word_1_232' title='bbox 980 3581 1026 3632; x_wconf 86' lang='grc' dir='ltr'>καί</span> <span class='ocrx_word' id='word_1_233' title='bbox 1045 3581 1083 3633; x_wconf 80' lang='grc' dir='ltr'>ὼ(</span> <span class='ocrx_word' id='word_1_234' title='bbox 1101 3581 1253 3647; x_wconf 85' lang='grc' dir='ltr'>Χαιρήμων</span> <span class='ocrx_word' id='word_1_235' title='bbox 1272 3584 1329 3636; x_wconf 85' lang='grc' dir='ltr'>κτλ.</span> 
     </span>
    </p>

    <p class='ocr_par' dir='ltr' id='par_1_7' title="bbox 259 3670 1431 3848">
     <span class='ocr_line' id='line_1_29' title="bbox 439 3670 1142 3746; baseline 0.004 -18"><span class='ocrx_word' id='word_1_236' title='bbox 439 3673 467 3740; x_wconf 75' lang='grc'>2)</span> <span class='ocrx_word' id='word_1_237' title='bbox 486 3670 530 3728; x_wconf 79' lang='lat' dir='ltr'>Of.</span> <span class='ocrx_word' id='word_1_238' title='bbox 549 3672 696 3742; x_wconf 86' lang='lat' dir='ltr'>Meincke‚</span> <span class='ocrx_word' id='word_1_239' title='bbox 715 3672 801 3728; x_wconf 88' lang='lat' dir='ltr'>Anal.</span> <span class='ocrx_word' id='word_1_240' title='bbox 821 3672 986 3729; x_wconf 86' lang='lat' dir='ltr'>Alexandr.</span> <span class='ocrx_word' id='word_1_241' title='bbox 1006 3692 1035 3746; x_wconf 90' lang='lat' dir='ltr'>p.</span> <span class='ocrx_word' id='word_1_242' title='bbox 1054 3676 1089 3730; x_wconf 92' lang='grc'>99</span> <span class='ocrx_word' id='word_1_243' title='bbox 1099 3692 1142 3745; x_wconf 87' lang='lat' dir='ltr'>sq.</span> 
     </span>
     <span class='ocr_line' id='line_1_30' title="bbox 259 3767 1431 3848; baseline 0.003 -25"><span class='ocrx_word' id='word_1_244' title='bbox 259 3844 260 3848; x_wconf 6' lang='grc' dir='ltr'><strong>Ἰ</strong></span> <span class='ocrx_word' id='word_1_245' title='bbox 435 3769 464 3834; x_wconf 81' lang='lat' dir='ltr'>s)</span> <span class='ocrx_word' id='word_1_246' title='bbox 485 3767 528 3824; x_wconf 82' lang='lat' dir='ltr'>Cf.</span> <span class='ocrx_word' id='word_1_247' title='bbox 548 3769 651 3824; x_wconf 89' lang='lat' dir='ltr'>Rutilii</span> <span class='ocrx_word' id='word_1_248' title='bbox 664 3769 836 3824; x_wconf 88' lang='lat' dir='ltr'>Namatiani</span> <span class='ocrx_word' id='word_1_249' title='bbox 856 3785 964 3825; x_wconf 86' lang='lat' dir='ltr'>versus</span> <span class='ocrx_word' id='word_1_250' title='bbox 974 3770 1041 3825; x_wconf 92' lang='lat' dir='ltr'>Itin.</span> <span class='ocrx_word' id='word_1_251' title='bbox 1054 3771 1127 3826; x_wconf 84' lang='grc'><strong>1309</strong></span> <span class='ocrx_word' id='word_1_252' title='bbox 1139 3771 1324 3829; x_wconf 80' lang='lat' dir='ltr'>Nominibus</span> <span class='ocrx_word' id='word_1_253' title='bbox 1335 3776 1431 3828; x_wconf 80' lang='lat' dir='ltr'>certos</span> 
     </span>
    </p>

    <p class='ocr_par' dir='ltr' id='par_1_8' title="bbox 329 3865 1431 3937">
     <span class='ocr_line' id='line_1_31' title="bbox 329 3865 1431 3937; baseline 0.003 -18"><span class='ocrx_word' id='word_1_254' title='bbox 329 3865 454 3920; x_wconf 84' lang='lat' dir='ltr'>credam</span> <span class='ocrx_word' id='word_1_255' title='bbox 473 3866 633 3921; x_wconf 84' lang='lat' dir='ltr'>decurrere</span> <span class='ocrx_word' id='word_1_256' title='bbox 651 3881 758 3935; x_wconf 82' lang='lat' dir='ltr'>mores,</span> <span class='ocrx_word' id='word_1_257' title='bbox 778 3865 918 3922; x_wconf 72' lang='lat' dir='ltr'>Moribus</span> <span class='ocrx_word' id='word_1_258' title='bbox 932 3865 1089 3937; x_wconf 79' lang='lat' dir='ltr'>anpote&#39;us</span> <span class='ocrx_word' id='word_1_259' title='bbox 1102 3867 1325 3924; x_wconf 75' lang='lat' dir='ltr'>nominatoria</span> <span class='ocrx_word' id='word_1_260' title='bbox 1338 3868 1431 3924; x_wconf 80' lang='lat' dir='ltr'>dari?</span> 
     </span>
    </p>
   </div>
   <div class='ocr_carea' id='block_1_5' title="bbox 215 3961 1430 4032">
    <p class='ocr_par' dir='ltr' id='par_1_9' title="bbox 215 3961 1430 4032">
     <span class='ocr_line' id='line_1_32' title="bbox 215 3961 1430 4032; baseline 0.001 -15"><span class='ocrx_word' id='word_1_261' title='bbox 215 3971 218 3974; x_wconf 82' lang='lat'>&#39;</span> <span class='ocrx_word' id='word_1_262' title='bbox 330 3967 360 4018; x_wconf 87' lang='lat' dir='ltr'>et</span> <span class='ocrx_word' id='word_1_263' title='bbox 379 3961 497 4016; x_wconf 86' lang='lat' dir='ltr'>Platon.</span> <span class='ocrx_word' id='word_1_264' title='bbox 517 3961 630 4032; x_wconf 83' lang='lat' dir='ltr'>Cratyl.</span> <span class='ocrx_word' id='word_1_265' title='bbox 650 3979 678 4032; x_wconf 89' lang='lat' dir='ltr'>p.</span> <span class='ocrx_word' id='word_1_266' title='bbox 689 3962 777 4016; x_wconf 83' lang='grc'><strong>3913</strong></span> <span class='ocrx_word' id='word_1_267' title='bbox 796 3965 888 4017; x_wconf 85' lang='grc' dir='ltr'>πολλὰ</span> <span class='ocrx_word' id='word_1_268' title='bbox 906 3964 930 4017; x_wconf 83' lang='grc' dir='ltr'>δ’</span> <span class='ocrx_word' id='word_1_269' title='bbox 949 3963 1000 4031; x_wconf 87' lang='lat' dir='ltr'>(sc.</span> <span class='ocrx_word' id='word_1_270' title='bbox 1014 3965 1151 4030; x_wconf 83' lang='grc' dir='ltr'>ὀνόματα)</span> <span class='ocrx_word' id='word_1_271' title='bbox 1170 3967 1263 4032; x_wconf 70' lang='grc' dir='ltr'>ὥςπερ</span> <span class='ocrx_word' id='word_1_272' title='bbox 1282 3966 1430 4032; x_wconf 84' lang='grc' dir='ltr'>εὐχόμενοι</span> 
     </span>
    </p>
   </div>
   <div class='ocr_carea' id='block_1_6' title="bbox 329 4055 1430 4514">
    <p class='ocr_par' dir='ltr' id='par_1_10' title="bbox 332 4055 1312 4127">
     <span class='ocr_line' id='line_1_33' title="bbox 332 4055 1312 4127; baseline 0.004 -15"><span class='ocrx_word' id='word_1_273' title='bbox 332 4058 455 4114; x_wconf 77' lang='grc' dir='ltr'>τίθενται</span> <span class='ocrx_word' id='word_1_274' title='bbox 475 4060 628 4126; x_wconf 78' lang='grc' dir='ltr'>Εὐτυχίδην</span> <span class='ocrx_word' id='word_1_275' title='bbox 647 4060 817 4114; x_wconf 61' lang='lat' dir='ltr'>sciscitetur</span> <span class='ocrx_word' id='word_1_276' title='bbox 836 4064 881 4114; x_wconf 88' lang='grc' dir='ltr'>καί</span> <span class='ocrx_word' id='word_1_277' title='bbox 900 4055 1040 4127; x_wconf 83' lang='grc' dir='ltr'>Θεόφιλον</span> <span class='ocrx_word' id='word_1_278' title='bbox 1059 4065 1104 4115; x_wconf 86' lang='grc' dir='ltr'>καί</span> <span class='ocrx_word' id='word_1_279' title='bbox 1124 4063 1195 4116; x_wconf 83' lang='grc' dir='ltr'>ἄλλα</span> <span class='ocrx_word' id='word_1_280' title='bbox 1214 4063 1312 4116; x_wconf 84' lang='grc' dir='ltr'><strong>πολλά.</strong></span> 
     </span>
    </p>

    <p class='ocr_par' dir='ltr' id='par_1_11' title="bbox 329 4155 1430 4514">
     <span class='ocr_line' id='line_1_34' title="bbox 436 4155 1430 4228; baseline 0.003 -19"><span class='ocrx_word' id='word_1_281' title='bbox 436 4156 464 4224; x_wconf 90' lang='grc'>4)</span> <span class='ocrx_word' id='word_1_282' title='bbox 485 4155 568 4210; x_wconf 90' lang='lat' dir='ltr'>Duas</span> <span class='ocrx_word' id='word_1_283' title='bbox 592 4157 630 4211; x_wconf 90' lang='lat' dir='ltr'>de</span> <span class='ocrx_word' id='word_1_284' title='bbox 649 4172 686 4211; x_wconf 83' lang='lat' dir='ltr'>eo</span> <span class='ocrx_word' id='word_1_285' title='bbox 705 4159 737 4212; x_wconf 88' lang='lat' dir='ltr'>re</span> <span class='ocrx_word' id='word_1_286' title='bbox 757 4159 1025 4212; x_wconf 84' lang='lat' dir='ltr'>commentationes</span> <span class='ocrx_word' id='word_1_287' title='bbox 1055 4159 1206 4227; x_wconf 87' lang='lat' dir='ltr'>inspicere</span> <span class='ocrx_word' id='word_1_288' title='bbox 1237 4175 1299 4213; x_wconf 91' lang='lat' dir='ltr'>nou</span> <span class='ocrx_word' id='word_1_289' title='bbox 1330 4160 1430 4228; x_wconf 70' lang='lat' dir='ltr'>potuit</span> 
     </span>
     <span class='ocr_line' id='line_1_35' title="bbox 331 4251 1429 4323; baseline 0.004 -18"><span class='ocrx_word' id='word_1_290' title='bbox 331 4251 365 4306; x_wconf 84' lang='lat' dir='ltr'>R.</span> <span class='ocrx_word' id='word_1_291' title='bbox 386 4251 491 4320; x_wconf 88' lang='lat' dir='ltr'>Heeht,</span> <span class='ocrx_word' id='word_1_292' title='bbox 520 4253 565 4306; x_wconf 93' lang='lat' dir='ltr'>De</span> <span class='ocrx_word' id='word_1_293' title='bbox 594 4254 784 4322; x_wconf 85' lang='lat' dir='ltr'>etymologiis</span> <span class='ocrx_word' id='word_1_294' title='bbox 813 4254 897 4323; x_wconf 88' lang='lat' dir='ltr'>apud</span> <span class='ocrx_word' id='word_1_295' title='bbox 915 4259 1022 4323; x_wconf 87' lang='lat' dir='ltr'>poetas</span> <span class='ocrx_word' id='word_1_296' title='bbox 1042 4252 1177 4308; x_wconf 83' lang='lat' dir='ltr'>Graecos</span> <span class='ocrx_word' id='word_1_297' title='bbox 1206 4254 1312 4309; x_wconf 86' lang='lat' dir='ltr'>obviis.</span> <span class='ocrx_word' id='word_1_298' title='bbox 1351 4254 1429 4309; x_wconf 91' lang='lat' dir='ltr'>Diss.</span> 
     </span>
     <span class='ocr_line' id='line_1_36' title="bbox 329 4347 1428 4420; baseline 0.003 -19"><span class='ocrx_word' id='word_1_299' title='bbox 329 4348 444 4418; x_wconf 83' lang='lat' dir='ltr'>Regim.</span> <span class='ocrx_word' id='word_1_300' title='bbox 466 4349 542 4402; x_wconf 80' lang='lat'>1882.</span> <span class='ocrx_word' id='word_1_301' title='bbox 580 4347 703 4417; x_wconf 72' lang='lat' dir='ltr'>Fauoni,</span> <span class='ocrx_word' id='word_1_302' title='bbox 721 4349 765 4404; x_wconf 87' lang='lat' dir='ltr'>Le</span> <span class='ocrx_word' id='word_1_303' title='bbox 784 4351 959 4419; x_wconf 89' lang='lat' dir='ltr'>etimologie</span> <span class='ocrx_word' id='word_1_304' title='bbox 979 4350 1027 4404; x_wconf 90' lang='lat' dir='ltr'>dei</span> <span class='ocrx_word' id='word_1_305' title='bbox 1041 4351 1122 4404; x_wconf 91' lang='lat' dir='ltr'>nomi</span> <span class='ocrx_word' id='word_1_306' title='bbox 1136 4351 1241 4420; x_wconf 90' lang='lat' dir='ltr'>propri</span> <span class='ocrx_word' id='word_1_307' title='bbox 1254 4352 1304 4404; x_wconf 92' lang='lat' dir='ltr'>nei</span> <span class='ocrx_word' id='word_1_308' title='bbox 1318 4352 1428 4420; x_wconf 88' lang='lat' dir='ltr'>tragici</span> 
     </span>
     <span class='ocr_line' id='line_1_37' title="bbox 329 4443 911 4514; baseline 0.003 -16"><span class='ocrx_word' id='word_1_309' title='bbox 329 4446 421 4514; x_wconf 83' lang='lat' dir='ltr'>greci.</span> <span class='ocrx_word' id='word_1_310' title='bbox 459 4443 629 4500; x_wconf 83' lang='lat' dir='ltr'>Florentiae</span> <span class='ocrx_word' id='word_1_311' title='bbox 648 4451 677 4500; x_wconf 89' lang='lat' dir='ltr'>et</span> <span class='ocrx_word' id='word_1_312' title='bbox 697 4445 811 4501; x_wconf 86' lang='lat' dir='ltr'>Romae</span> <span class='ocrx_word' id='word_1_313' title='bbox 831 4447 911 4501; x_wconf 88' lang='grc'><strong>1898.</strong></span> 
     </span>
    </p>
   </div>
   <div class='ocr_carea' id='block_1_7' title="bbox 0 0 1692 5192">
    <p class='ocr_par' dir='ltr' id='par_1_12' title="bbox 0 0 1692 5192">
     <span class='ocr_line' id='line_1_38' title="bbox 0 0 1692 5192; baseline 0 0"><span class='ocrx_word' id='word_1_314' title='bbox 0 0 1692 5192; x_wconf 95' lang='lat' dir='ltr'> </span> 
     </span>
    </p>
   </div>
  </div>
 </body>
</html>
