3375 5192
743 497 919 562 ’.53-

278 684 308 744 2.
327 683 358 758 6,
376 682 395 744 2
409 687 519 765 aperte
533 681 623 763 origo
635 683 658 759 1)
675 679 886 764 significatur.
911 679 1069 746 Thessala
1084 682 1116 745 in
1133 680 1201 746 vita
1216 681 1378 765 frequens,

278 815 372 859 serva
384 796 416 859 in
430 795 535 859 Plauti
548 794 790 879 Amphitruone,
815 794 856 860 de
869 793 1013 878 Θεττάλῃ
1027 794 1192 860 Menandri
1210 795 1378 861 comoedia

279 930 308 972 v.
334 908 415 972 Plin.
441 909 481 975 N.
506 908 546 972 H.
571 908 624 985 30,
649 910 669 973 2
694 916 726 973 et
749 908 943 972 Meinekium
970 908 1012 971 lv
1038 929 1068 992 p.
1089 908 1151 972 133
1162 928 1210 990 sq.
1244 909 1377 993 Megara

278 1022 310 1085 in
335 1021 445 1087 Attica
468 1041 650 1104 numquam,
675 1021 773 1088 semel
799 1021 845 1086 le
861 1021 906 1086 IV
923 1021 1001 1103 492,
1025 1022 1056 1086 3.
1102 1022 1182 1088 Luc.
1212 1024 1332 1109 catapl.
1356 1025 1377 1090 6

279 1136 477 1200 meretricem
501 1135 675 1200 introducit
699 1136 791 1218 qnasi
814 1136 944 1214 ἑταίραν
958 1137 1017 1214 τὴν
1034 1129 1224 1216 Mercedem
1236 1145 1378 1203 veterem

278 1248 416 1314 fortasse
440 1248 709 1326 existimationem
734 1257 877 1331 secutus3
902 1270 976 1313 narn
1000 1254 1104 1329 χοῖροι
1121 1251 1297 1330 Μεγαρικαί
1312 1252 1377 1317 iam

278 1362 364 1448 apud
389 1363 553 1448 Aristoph.
577 1363 657 1427 Aeh.
677 1363 738 1429 ῖ67
754 1383 824 1446 sqq.
849 1363 892 1428 cf.
916 1364 983 1428 624
993 1384 1040 1446 sq.

383 1475 615 1555 Ἀνθράκιον
638 1477 683 1540 IV
704 1480 753 1557 ll,
789 1477 809 1540 2
844 1477 882 1541 ἰιι
913 1477 981 1542 vita
1014 1497 1078 1542 non
1110 1478 1156 1543 ita
1190 1479 1336 1544 crebrum
1350 1481 1375 1557 ²)

279 1590 364 1672 quod
389 1591 441 1654 Fr.
467 1611 498 1675 p.
519 1593 581 1655 110
605 1612 625 1654 a
648 1592 740 1674 nigro
765 1590 847 1656 cutis
871 1591 977 1656 colore
1001 1590 1174 1674 derivatur,
1205 1594 1311 1677 potius
1333 1594 1376 1659 ad

280 1705 443 1770 oculorum
468 1705 518 1770 vel
542 1725 653 1770 comae
678 1706 816 1770 colorem
835 1704 958 1770 recedit
969 1707 1005 1786 ³).
1030 1706 1190 1772 Meretriei
1207 1709 1377 1774 acarhone

384 1889 409 1952 1)
431 1885 632 1954 Gentilicium,
654 1903 716 1940 non
735 1902 844 1941 nomen
864 1887 1024 1954 personale
1046 1893 1091 1941 est
1108 1887 1271 1954 ‘Epurcvirrc
1290 1887 1343 1955 Ι6,
1360 1889 1377 1942 2

280 1975 361 2045 quod
381 1975 492 2029 iniuria
511 1974 696 2028 Hercherum
719 1980 841 2028 secutus
856 1972 1003 2044 Schepers
1016 1973 1153 2041 ‘Epnrovlr
1172 1976 1262 2029 scribi
1274 1976 1377 2030 voluit.

280 2064 356 2119 Nam
375 2064 445 2117 licet
463 2063 563 2129 11qu
582 2062 600 2116 4
617 2063 788 2130 Ἑρμιονίδος
809 2063 997 2132 gentilicium
1017 2064 1063 2126 sit,
1086 2063 1117 2116 id
1136 2063 1219 2133 quod
1238 2065 1376 2133 negarim

282 2168 349 2206 cunr
371 2153 508 2221 adposito
527 2155 578 2218 τῆς
598 2153 697 2221 potius
715 2151 873 2218 Ἑρμιονίδα
891 2151 942 2218 (sc.
952 2152 1018 2220 γῆν)
1038 2152 1121 2206 velut
1140 2151 1227 2206 Diod.
1239 2150 1296 2207 Sic.
1305 2152 1377 2207 XIX

279 2241 321 2295 54.
341 2242 431 2294 Paua.
454 2240 483 2293 11
502 2240 546 2308 34,
565 2241 581 2294 6
601 2242 740 2310 cogitem,
759 2239 948 2295 nihilosetius
968 2241 994 2294 h.
1014 2241 1031 2294 l.
1052 2240 1185 2309 sophista
1208 2240 1377 2310 longiorem

284 2330 394 2384 ethnici
425 2331 551 2383 formam
583 2344 744 2398 usurpasse
775 2334 881 2397 potest.
931 2327 1006 2384 Nam
1034 2333 1155 2398 praeter
1189 2329 1376 2382 ethnicorum

278 2420 390 2472 formas
409 2423 443 2472 ut
462 2419 504 2471 ita
524 2418 622 2471 dicam
651 2417 799 2471 solemnes
818 2418 922 2487 itaque
940 2417 1093 2486 lapidibus
1112 2417 1222 2471 incisas
1241 2417 1377 2472 homines

278 2507 309 2560 ln
329 2507 410 2561 vitae
423 2521 481 2560 usu
501 2507 574 2560 alias
594 2505 766 2559 adhibuisse
786 2500 912 2559 constat.
950 2503 1095 2576 Stephani
1115 2504 1254 2574 Byzantii
1272 2503 1377 2560 nenot-

279 2610 382 2648 eomtm
413 2609 491 2663 quae
522 2595 686 2662 supersunt
717 2594 789 2648 satis
809 2596 856 2648 est
886 2594 1044 2663 inspicere,
1083 2599 1117 2646 nt
1155 2594 1304 2662 permulta
1333 2593 1375 2646 in·

279 2683 439 2737 veniamus
459 2682 599 2752 exempla
618 2683 672 2735 ubi
692 2682 880 2736 ethnicorum
901 2684 1016 2735 formae
1036 2682 1156 2735 variant
1176 2681 1260 2735 velut
1271 2681 1375 2746 Ἀγιιώ-

278 2787 336 2824 νιος
346 2789 353 2824 ι
364 2770 543 2838 Ἀγιςαινίτης,
575 2769 700 2834 Αἰγινεὺς
711 2789 717 2822 2
728 2768 885 2836 Αἰγινήτης,
907 2769 1028 2822 Αῐνειεὺς
1038 2788 1045 2822 ι
1056 2768 1209 2835 Αἰνειάτης,
1223 2768 1356 2822 Αἰςώνιος
1367 2788 1375 2823 r

279 2858 433 2911 hcmvredc:
444 2858 620 2924 Αἰςωνιάτιγς,
632 2857 777 2924 Ἀμόργιος
788 2857 979 2924 ιἈμοργίτης,
991 2857 1156 2923 Ἀμυκλαῖος
1166 2856 1376 2922 ιἈμυιςλαιεὺςι

278 2947 472 3013 Ἀμυκλαῐτης,
492 2945 675 3000 Ἀςκαλὼνιος
686 2967 692 2998 ι
704 2945 915 3014 Ἀςκαλωνίῐης,
927 2946 1077 2999 Αὐςόνιοςι
1088 2945 1236 2999 Αυςονιεύς
1247 2962 1254 2999 ι
1265 2946 1376 3000 Ariconi-

269 3051 336 3102 -της,
357 3034 470 3089 Αὐςονίς
481 3035 645 3102 :discordem
665 3034 824 3101 Πορθμιεύς
835 3052 842 3088 :
853 3033 1017 3101 nuperrime
1036 3034 1104 3087 alia.
1142 3033 1248 3103 Neque
1262 3034 1374 3088 errabi·

278 3138 345 3177 mus
364 3123 389 3176 si
409 3122 563 3194 longiores
575 3123 693 3178 'formas
721 3124 809 3190 -άτης,
838 3124 927 3200 -ήτῃς,
956 3123 1029 3189 dinc
1057 3123 1274 3192 posterioribus
1302 3127 1374 3177 tern-

280 3211 405 3280 poribus
431 3212 604 3266 ‘tribuemus
641 3227 732 3280 quarn
763 3212 960 3282 simpliciores
988 3213 1055 3281 -εύς,
1081 3227 1142 3265 -ιος.
1185 3210 1285 3274 Quare
1313 3226 1376 3266 non

279 3301 386 3353 mirum
406 3303 451 3354 est
470 3301 495 3353 si
523 3305 644 3369 praeter
662 3301 818 3367 Ἑρμιονεύς
847 3316 886 3355 ex
914 3301 1158 3370 inscriptionibus
1185 3306 1291 3364 notum
1319 3299 1377 3368 Ἑρ·
1403 3352 1406 3362 ,

279 3388 404 3455 μιονίτης
422 3389 661 3458 femininumque
680 3395 744 3443 -ῖτις
756 3387 929 3458 Alciphroni
949 3390 980 3442 in
999 3393 1099 3443 mente
1117 3389 1183 3454 tuit,
1202 3389 1376 3458 praesertim

279 3491 346 3530 cum
356 3477 424 3530 fieri
435 3477 556 3547 quidem
569 3477 664 3546 possit
678 3473 709 3516 -'
724 3492 909 3547 quamquam
920 3478 978 3531 boe
989 3477 1139 3531 lubricum
1152 3505 1186 3514 —
1205 3482 1239 3530 ut
1257 3477 1323 3546 ipso
1337 3477 1376 3530 ab
1432 3540 1434 3544 ¹

280 3565 402 3620 nomine
420 3565 603 3632 ‘Epurovlclll
623 3566 665 3633 10,
684 3564 702 3618 4
720 3564 863 3636 Alciphro
889 3567 945 3620 boe
972 3566 1112 3620 derivare
1141 3565 1198 3619 sibi
1227 3566 1311 3619 visus
1330 3565 1375 3632 sit,

278 3654 344 3708 sive
371 3657 425 3720 γῆν
454 3669 545 3723 quam
573 3670 667 3724 supra
694 3654 825 3709 diximus
853 3655 951 3710 voluit
978 3655 1043 3709 sive
1071 3655 1167 3724 ipsam
1195 3654 1302 3708 urbem
1328 3654 1371 3707 ita

279 3742 454 3795 nominavit.
483 3741 557 3798 Nam
577 3742 616 3796 ab
636 3742 771 3810 Ἕρμιονίς
790 3743 935 3812 quoniam
953 3743 989 3796 τὰ
1008 3741 1090 3797 εἰς-
1102 3758 1126 3796 ις
1144 3744 1256 3810 φιληδεῖ
1273 3747 1315 3810 τῷ
1338 3741 1377 3796 εἰς

280 3845 351 3895 -ιτης
371 3830 451 3898 τύπῳ
471 3828 583 3900 (Steph.
603 3830 674 3900 Bya.
685 3830 702 3884 l.
718 3847 742 3885 c.
756 3847 785 3900 p.
797 3829 823 3899 4,
842 3831 860 3884 9
879 3832 916 3885 ci.
936 3830 1089 3885 Herodian
1101 3829 1129 3883 II
1141 3830 1194 3884 866
1207 3829 1253 3897 L.)
1272 3829 1376 3896 Ἕρμιο·

279 3921 347 3969 ιατις
366 3922 448 3971 recte
469 3919 572 3973 oritur.
610 3918 657 3972 Ita
677 3919 857 3988 oppidorum
880 3920 1032 3972 nominum
1057 3918 1283 3972 terminationes
1301 3932 1376 3971 norr-

279 4019 445 4075 numquam
466 4007 595 4073 variant,
624 4007 779 4060 sufficiant
802 4022 841 4062 ex
860 4005 1035 4061 Herodiano
1054 4005 1243 4084 ἈςκάλαινΠ
1262 4005 1323 4073 866,
1342 4005 1375 4060 8:

281 4091 447 4146 Ἀςκαλιανίς
467 4092 480 4146 Ι
500 4093 543 4158 96,
563 4094 587 4160 6,
607 4094 774 4162 Προςωπίςι
794 4094 973 4161 Προςωτήτις
991 4095 1006 4148 Ι
1023 4095 1066 4161 98,
1087 4094 1129 4148 13.
1374 4130 1376 4135 -

380 4181 408 4246 2)
427 4181 628 4252 Frequentius
647 4182 730 4252 apud
743 4182 895 4237 Romanos
904 4180 1023 4238 Antrax
1037 4181 1101 4237 cll.
1110 4182 1151 4237 VI
1160 4181 1238 4248 6406,
1254 4182 1375 4237 15849b.

281 4267 309 4321 X
319 4268 400 4324 3282.
416 4268 579 4325 Antracius
591 4271 705 4340 gentile
716 4270 758 4324 IX
768 4272 847 4326 2660.
867 4271 895 4325 X
904 4271 983 4337 3776,
995 4273 1018 4325 l.
1031 4271 1057 4325 4.
1068 4271 1097 4324 ΙΙ
1109 4271 1181 4326 4262
1191 4270 1375 4339 (ingenuus).

380 4357 407 4422 3)
428 4356 476 4414 Sic
507 4358 627 4412 Thumb
659 4359 807 4413 iudicavit
838 4361 890 4428 qui
921 4366 1025 4413 contra
1056 4357 1199 4413 Bcchtelii
1229 4359 1374 4412 rationem

279 4446 312 4498 irr
341 4446 432 4499 unius
459 4447 558 4516 stirpis
594 4447 766 4502 nominibus
796 4445 1015 4518 metonymiam
1046 4447 1257 4517 cognoscentis
1293 4449 1376 4501 recte
