3375 5192
739 534 915 614 *dd-

277 742 373 817 atque
397 740 586 826 argumenta
609 731 819 810 tradiderunt,
855 732 939 799 unde
972 733 1146 798 secuudum
1179 736 1375 799 communem

278 869 396 915 morem
430 849 559 914 nomina
583 850 679 914 fluxit
702 850 840 934 propria.

386 965 413 1030 h.
459 965 632 1030 Rustica
670 965 772 1050 primo
813 965 925 1030 obtutu
968 971 1104 1049 apparet
1144 984 1238 1046 quarn
1272 984 1377 1049 pauca

278 1085 389 1164 aperte
412 1080 501 1164 poesi
538 1080 704 1146 bucolicus
734 1079 923 1145 debeantur.
970 1079 1157 1145 Communia
1190 1100 1268 1145 sane
1292 1079 1376 1145 Alci·

281 1193 395 1278 phroni
434 1199 466 1258 et
505 1193 678 1258 Theocrito
713 1191 895 1273 Ἀεφαλίων
931 1192 1052 1270 Γλαύκη
1085 1192 1192 1270 Αἴγων
1225 1193 1377 1272 Κορύδων

281 1307 433 1372 Γαλάτεια
457 1305 621 1386 Εὔβουλο(
645 1313 717 1372 sunt
750 1307 864 1387 (Reich
890 1328 920 1392 p.
937 1307 1012 1388 hh);
1047 1305 1104 1371 sed
1129 1328 1199 1371 cum
1225 1308 1377 1371 Γαλάτεια

280 1420 366 1506 apud
391 1421 461 1485 Alc.
486 1439 602 1486 numen
634 1421 791 1486 marinum
826 1420 869 1484 sit
892 1440 995 1502 neque
1019 1420 1183 1500 Εὔβουλος
1218 1422 1378 1504 parasitus

279 1534 417 1601 bucolici
435 1536 605 1617 quicquam
629 1533 758 1618 haheat,
783 1543 905 1600 restant
928 1536 1035 1620 priora
1059 1541 1218 1617 quattuor,
1243 1542 1278 1599 ut
1293 1535 1374 1599 Alci-

279 1650 432 1733 phronem
450 1647 656 1713 Theocritum
672 1649 776 1734 ipsum
793 1648 971 1733 inspexisse
987 1648 1116 1713 minime
1131 1657 1292 1731 sequatur.
1317 1651 1377 1714 lm-

279 1765 389 1848 primis
402 1765 493 1847 Aego
504 1770 536 1828 et
547 1762 675 1848 Corydo
686 1783 744 1848 per
759 1763 945 1847 posterioris
962 1765 1077 1828 aetatis
1091 1771 1203 1848 poetas
1215 1764 1378 1828 bucolicus

280 1880 476 1946 celeberrimi
501 1877 582 1943 iacti
606 1876 648 1942 ad
665 1878 734 1943 Alc.
758 1879 928 1963 pervenire
952 1877 1106 1942 facillimo
1123 1882 1305 1962 potuerunt.
1334 1878 1377 1941 At

280 1995 407 2059 omnino
443 1977 648 2076 Aldiphronis
681 1993 768 2057 color
800 1993 938 2057 rusticus
967 2013 987 2056 a
1017 1992 1162 2057 bucolico
1197 1992 1292 2074 longe
1324 1991 1377 2056 ah

280 2107 397 2182 horret,
423 2127 494 2172 eum
518 2107 587 2172 sola
611 2126 661 2192 ep.
679 2107 748 2171 119
772 2107 805 2172 in
828 2114 966 2172 mentem
990 2113 1120 2172 revocat
1153 2127 1213 2172 nec
1236 2113 1377 2190 praeter·

279 2222 481 2306 mittendum,
518 2222 603 2304 quod
628 2243 667 2308 ea
690 2224 762 2307 ipsa
785 2223 965 2288 nominihus
990 2242 1065 2287 vere
1089 2221 1243 2286 bucolicis
1279 2225 1376 2284 caret.

280 2337 496 2422 Epistularum
521 2338 665 2404 homines
688 2337 795 2423 potius
819 2358 914 2420 quarn
948 2337 1162 2423 bucolicorum
1196 2335 1378 2421 pastoribus

279 2439 362 2515 tibia’
412 2451 600 2516 canentibus
644 2453 850 2534 carminaque
899 2452 1107 2517 recitantibus
1155 2449 1378 2516 comoediae

283 2565 434 2649 agricolis
459 2572 729 2650 compararantur,
760 2587 891 2649 quorum
916 2573 1063 2632 naturam
1087 2565 1234 2630 Ribbeck
1259 2563 1378 2648 optime

281 2679 456 2746 delineavit
478 2680 561 2746 libro
586 2701 679 2763 quem
703 2681 866 2764 inscripsit
882 2683 1058 2766 Aproilcos.
1094 2680 1247 2757 Quamvis
1271 2684 1377 2743 autem

282 2793 396 2859 eadem
426 2796 587 2859 nominum
611 2793 835 2878 fingendorum
871 2796 952 2859 ratio
980 2795 1076 2858 etiam
1105 2792 1291 2858 comoediae
1324 2793 1376 2885 sit,

281 2914 388 2972 tamen
425 2927 508 2990 quae
538 2907 735 2974 adverbum
761 2913 793 2972 et
816 2907 954 2972 litteram
979 2927 997 2971 e
1021 2905 1188 2972 comoedia
1222 2906 1376 2969 fluxerint

279 3041 342 3086 non
366 3027 505 3104 exstant,
541 3004 692 3087 admonet
728 3023 805 3103 eius,
842 3020 927 3103 quod
963 3019 1027 3086 vini
1045 3025 1046 3029 ’
1063 3021 1185 3084 cultum
1218 3018 1372 3103 Alciphro

282 3136 491 3220 significavit,
531 3137 744 3216 Τρυγόδωρο(
782 3137 912 3220 insuper
951 3135 1178 3219 Aristophunoi
1218 3133 1377 3212 Τρυγαίου

282 3250 447 3333 gemellus.
465 3250 508 3314 At
525 3271 596 3315 cum
613 3271 697 3315 nova
713 3251 863 3332 fingeret,
881 3248 1001 3314 tradita
1017 3255 1092 3313 ante
1105 3247 1214 3312 oculos
1227 3246 1378 3328 habehat,

281 3364 395 3445 quihus
419 3363 536 3429 similia
559 3366 651 3430 novis
674 3365 827 3450 stirpibus
850 3346 1028 3449 adsumptis
1045 3363 1176 3428 effecit:
1216 3362 1377 3446 Corydoni

281 3484 313 3542 et
337 3480 461 3562 Aegoni
497 3481 589 3564 paria
613 3479 799 3544 Moschiona
823 3479 981 3543 Amniona
1005 3479 1155 3542 Elationa
1178 3477 1378 3560 Ampeliona.

281 3592 387 3674 Atque
412 3594 533 3657 utiam
557 3592 749 3659 Theocritus
773 3592 902 3657 Baccho
931 3599 1070 3675 cognata
1093 3591 1214 3656 Simum
1239 3590 1379 3674 Thyrsin

282 3706 505 3790 Thyonichum
530 3706 688 3789 adhibuit,
724 3706 879 3790 Alciphro
909 3725 1035 3788 quoque
1069 3705 1198 3769 nomina
1221 3705 1262 3768 ab
1286 3704 1378 3768 initio

281 3821 402 3885 Bacchi
426 3822 546 3904 agmini
570 3817 699 3906 propria
722 3821 865 3902 inseruit,
900 3821 1066 3903 Napaeum
1091 3820 1246 3902 ldunapen
1271 3818 1377 3902 Hylen

283 3937 450 4000 Petraeum
475 3935 624 4000 Thallum
643 3935 839 4000 Thalliscum
860 3934 978 3999 Bacchi
1003 3934 1171 3998 comitibus
1185 3937 1208 4012 ¹)
1233 3953 1273 3996 ex
1293 3932 1380 3997 vasis

282 4057 314 4114 et
337 4050 452 4117 Nonno
475 4052 559 4115 notis
594 4050 764 4116 simillima.
811 4050 980 4133 Longum
1016 4069 1089 4112 nuru
1114 4047 1176 4112 hac
1199 4049 1230 4109 in
1254 4067 1288 4110 re
1311 4047 1380 4110 imi-

391 4337 416 4403 1)
445 4335 527 4390 Inter
555 4352 592 4390 oa
620 4338 709 4390 etiarn
739 4337 858 4390 rusticis
888 4315 1058 4404 propinoua
1086 4339 1247 4387 occurrunt
1276 4336 1379 4401 Νύμφη

283 4433 402 4489 Baccha
422 4433 518 4502 Heyd.
539 4449 566 4501 p.
588 4433 621 4484 1‘2
639 4433 697 4499 (Α),
718 4433 807 4499 luntre
826 4434 963 4485 Bassaris
984 4432 1078 4484 Noun.
1098 4431 1141 4499 33,
1154 4430 1214 4488 324,
1236 4431 1380 4496 Φιλομήλα

283 4531 401 4584 Baccha
422 4531 518 4598 Heyd.
538 4547 566 4598 p.
582 4529 616 4583 14
628 4529 681 4596 (F).
