3375 5192
376 1450 581 1534 Alcipbronis
604 1448 768 1534 sophistae
792 1447 948 1532 epistulae
973 1466 1181 1531 permagnum
1202 1467 1368 1512 numerum

269 1565 423 1651 praebent
457 1565 617 1629 nominum
659 1563 870 1648 propriorum,
910 1562 980 1646 plus
1013 1582 1108 1644 quam
1141 1569 1297 1637 trecenta,
1336 1563 1369 1626 in

269 1681 383 1762 quibus
407 1679 494 1744 haud
518 1699 623 1764 pauca
647 1679 755 1743 insunt
778 1677 830 1741 vel
856 1683 986 1761 propter
1005 1677 1125 1741 formas
1149 1677 1200 1741 vel
1224 1678 1264 1741 ob
1289 1677 1370 1742 alias

270 1814 384 1860 causas
416 1794 646 1859 memorabilia.
703 1791 826 1870 Quibus
862 1790 1064 1876 explicandis
1100 1797 1131 1855 et
1163 1790 1370 1856 restituendis

270 1912 331 1977 etsi
356 1911 495 1977 editores
520 1911 594 1976 inde
611 1931 630 1975 a
649 1910 799 1993 Berglero
816 1907 900 1973 haud
919 1909 1047 1993 paulum
1064 1927 1183 1992 operae
1200 1907 1369 1990 dederuut,
1434 1898 1437 1903 ’

269 2017 334 2090 nou
348 2045 452 2110 pauca
468 2036 574 2090 tamen
591 2031 714 2090 restant
731 2043 813 2106 quae
830 2022 937 2088 adhuc
954 2021 1169 2106 explicatione
1192 2022 1243 2086 vel
1266 2041 1370 2086 emen·

269 2140 398 2206 datione
424 2147 550 2222 egeant.
598 2137 751 2216 Quaestio
786 2136 904 2202 deinde
938 2142 996 2218 est,
1033 2135 1192 2201 undenam
1225 2135 1371 2220 sophista

268 2255 377 2338 largas
394 2253 556 2319 nominum
573 2254 683 2338 copias
696 2252 840 2317 hausisse
858 2250 1013 2326 videatur,
1031 2271 1105 2314 num
1118 2251 1225 2315 omnia
1241 2249 1370 2315 aliunde

269 2369 432 2452 acceperit
455 2389 496 2432 an
512 2369 575 2433 sint
591 2369 686 2432 etiam
705 2387 787 2449 quae
804 2368 872 2451 ipse
889 2365 930 2431 de
947 2387 1004 2432 suo
1020 2366 1162 2432 finxerit.
1195 2366 1370 2431 Praeterea

270 2482 342 2546 aliis
366 2502 448 2564 quae
473 2481 580 2558 debet,
615 2480 700 2546 unde
730 2481 901 2565 sumpserit
934 2489 1038 2545 utrum
1075 2501 1116 2544 ex
1150 2500 1206 2545 usu
1239 2481 1371 2562 vitaque

271 2598 428 2663 communi
454 2617 494 2662 an
518 2617 558 2661 ex
582 2616 685 2660 rerum
710 2597 864 2660 memoria
887 2615 926 2659 ac
942 2595 1058 2660 litteris
1074 2595 1252 2677 quibusque
1273 2596 1371 2679 potis·

270 2713 384 2776 simum
408 2711 588 2790 litterarum
613 2709 826 2776 monumentis
850 2709 901 2775 vel
924 2709 1096 2792 generibus
1120 2729 1159 2773 ea
1182 2710 1214 2772 in
1238 2728 1272 2774 re
1295 2729 1371 2774 usus

270 2824 326 2904 sit3
363 2823 432 2907 ipse
468 2830 573 2886 autem
608 2841 689 2904 quae
723 2822 858 2886 finxisse
893 2820 1028 2896 videtur,
1064 2822 1103 2886 iis
1138 2821 1169 2885 in
1206 2821 1370 2905 fingendis

271 2954 428 3017 quasnam
463 2934 603 2999 rationes
639 2942 767 3000 secutus
791 2935 842 2998 sit.
877 2934 1014 3000 accedit
1049 2934 1148 2999 aliud.
1185 2935 1244 3000 Vel
1267 2935 1370 3020 primo

272 3049 385 3115 obtutu
408 3049 605 3132 intellegitur
630 3048 757 3112 nomina
781 3047 944 3114 homiuum
967 3056 1000 3115 et
1015 3071 1036 3115 a
1052 3051 1166 3132 quibus
1183 3055 1215 3115 et
1232 3049 1273 3114 ad
1291 3070 1372 3133 quos

272 3163 428 3248 epistulae
453 3162 549 3228 datae
573 3170 646 3228 sunt
670 3183 740 3228 cum
765 3163 805 3228 iis
829 3164 965 3245 quaein
989 3163 1069 3249 ipsis
1085 3171 1372 3230 commemorantur

257 3299 419 3361 maguam
444 3284 567 3362 partem
592 3278 634 3342 ab
657 3277 854 3361 Alcipbronc
882 3277 928 3343 ita
961 3278 1065 3343 electa
1098 3298 1178 3355 esse,
1218 3285 1253 3344 ut
1288 3281 1370 3345 ratio

271 3391 429 3475 quaedam
464 3391 645 3457 intercedat
678 3392 761 3457 inter
793 3411 832 3457 ea
866 3399 898 3458 et
930 3393 1137 3477 epistularum
1170 3400 1370 3476 argumenta.

271 3506 397 3592 Operae
421 3507 518 3590 igitur
541 3507 678 3591 pretium
703 3512 752 3572 est
775 3508 969 3582 examinare,
1003 3514 1161 3589 quatenus
1183 3507 1266 3573 baec
1289 3509 1372 3573 ratio

271 3623 379 3687 valeat
412 3641 554 3704 quasque
587 3622 725 3706 scriptor
758 3621 791 3686 in
819 3642 858 3687 ca
888 3641 921 3686 re
954 3622 1015 3687 sibi
1047 3622 1138 3704 leges
1173 3623 1370 3707 imposuerit.

272 3735 374 3814 Quam
400 3736 439 3801 ob
464 3757 530 3801 rem
554 3741 738 3801 accuratam
762 3737 923 3800 nominum
955 3735 1040 3820 apud
1065 3735 1294 3821 Alcipbronem
1318 3738 1372 3803 ob·

273 3850 393 3916 riorum
408 3850 689 3934 investigationem
701 3857 947 3916 consentaneum
959 3856 1007 3915 est
1018 3850 1102 3915 haud
1116 3851 1207 3935 parvi
1221 3853 1372 3917 momenti

272 3985 342 4030 esse
365 3971 398 4028 et
422 3963 462 4030 ad
489 3963 687 4030 restituenda
711 3964 810 4030 verba
834 3965 999 4049 scriptoris
1032 3971 1064 4029 et
1088 3964 1131 4029 ad
1155 3965 1372 4033 enucleandos

272 4086 419 4145 auctores
444 4099 522 4161 quos
546 4087 675 4144 secutus
699 4079 752 4162 sit,
776 4099 836 4145 nec
860 4080 964 4146 minus
988 4080 1095 4145 valere
1118 4079 1161 4145 ad
1185 4080 1253 4146 eius
1269 4088 1372 4147 artem

272 4195 499 4278 ingeniumque
521 4194 634 4259 melius
651 4193 908 4276 cognoscendum
929 4193 1111 4278 rectiusque
1127 4195 1370 4260 aestimandum.

273 4307 300 4371 E
323 4328 357 4373 re
381 4309 442 4373 erit
464 4310 601 4393 primum
625 4308 752 4392 singula
775 4308 904 4374 nomina
936 4309 1129 4393 perlustrare
1162 4327 1307 4391 quaeque
1339 4309 1372 4373 in

273 4422 313 4487 iis
347 4422 564 4506 explicatione
598 4441 694 4506 egere
731 4421 902 4488 videantur
936 4422 1102 4488 adnotare.
1161 4424 1266 4504 Atque
1301 4442 1372 4488 cum
