3375 5192
712 503 907 614 *ull-

269 675 440 754 Pulcheria
463 685 536 770 luit,
560 685 618 756 sed
642 687 768 752 nomine
792 688 927 752 formam
951 685 1109 769 61611111α
1132 689 1164 767 ¹).
1211 678 1276 752 Sed
1310 697 1366 753 cur

269 804 344 868 telis
367 805 412 868 rei
437 802 620 868 testimonia
655 802 823 885 cumulem,
860 802 967 884 qualia
1001 804 1188 881 6611611111)
1218 804 1366 868 exstenti>

269 919 335 983 Res
356 925 405 984 est
428 918 538 1004 populi
562 919 660 983 menti
685 939 760 983 cara
787 919 897 999 itaque
922 918 1018 983 etiam
1043 917 1129 1002 apud
1154 918 1366 983 Germanos

269 1034 536 1117 frequentissima.
582 1033 649 1098 Viri
684 1033 771 1098 docti
806 1051 913 1098 earum
947 1054 1050 1098 rerum
1085 1030 1222 1098 studiosi
1256 1033 1365 1098 nescio

270 1168 312 1212 an
335 1146 487 1230 colligere
515 1146 727 1230 neglexerint,
763 1165 955 1228 quamquam
983 1143 1260 1229 operaepretium
1294 1145 1365 1211 erit.

270 1262 407 1330 Nomina
440 1260 625 1327 comoediae
653 1281 790 1345 graecae
815 1259 1049 1343 quodammodo
1073 1260 1189 1326 similia
1212 1261 1245 1325 in
1269 1260 1365 1325 medii

271 1378 342 1442 seri
375 1377 493 1442 fabulis
516 1377 662 1462 usurpari
686 1397 727 1442 ex
749 1377 831 1442 libro
855 1376 954 1441 didici
979 1376 1127 1442 Guilelmi
1151 1375 1265 1460 Arndt,
1305 1377 1367 1441 Die

270 1492 547 1557 Personennamen
572 1490 630 1556 der
653 1489 829 1556 deutschen
846 1489 1055 1574 Schauspiele
1079 1489 1137 1555 des
1153 1491 1366 1557 Mittelalters.

213 1623 216 1627 ·
271 1605 430 1672 Breslavii
469 1606 554 1672 1904
600 1608 653 1686 (ex
692 1604 964 1686 Germanistische
1010 1603 1268 1688 Ahhandlungen
1315 1607 1367 1670 he-

271 1720 428 1805 gruendet
461 1741 524 1786 von
547 1721 586 1785 Κ.
613 1718 783 1786 Weinhold
818 1719 1082 1803 herausgegehen
1115 1740 1176 1784 von
1201 1719 1365 1785 Friedrich

271 1835 367 1919 Vogt.
404 1835 601 1915 Η6112313).
627 1834 853 1900 Recentiorum
869 1841 1034 1918 poetarum
1059 1835 1218 1899 nominum
1242 1835 1367 1918 fingon-

271 1947 382 2014 dorum
407 1951 488 2014 ratio
524 1948 623 2033 digna
657 1951 729 2032 erit,
771 1969 855 2032 quae
885 1949 1032 2015 similiter
1066 1951 1260 2032 observetur,
1296 1971 1366 2015 cnm
1443 1957 1445 1964 ’

271 2063 348 2146 quid
388 2064 429 2129 de
468 2085 574 2130 eorum
614 2071 683 2130 arte
723 2084 919 2147 censeamus,
968 2065 1064 2129 etiam
1103 2064 1178 2129 inde
1216 2064 1366 2148 pendeat.

271 2179 483 2244 Immermann
508 2186 543 2244 ut
559 2179 738 2265 exemplum
764 2179 909 2244 adferam
934 2180 988 2244 vix
1011 2185 1087 2264 apte
1103 2179 1230 2244 nomina
1251 2179 1368 2244 forma·

272 2294 317 2358 vit
332 2297 357 2374 4)
382 2314 485 2376 neque
508 2293 738 2378 Anzcngruber
765 2313 891 2379 semper
926 2293 1065 2359 feliciter
1091 2294 1271 2359 nominibus
1298 2315 1368 2378 per-

272 2469 486 2480 ——-----.-.-.

379 2542 414 2632 l)‘
428 2565 471 2620 Cf.
491 2557 946 2622 92.682.1196.495.'1035.1046.
959 2567 1035 2620 1232.
1048 2567 1147 2622 1347ss
1168 2572 1197 2620 61
1210 2567 1368 2634 Tolkiehn,

273 2660 357 2715 Neue
388 2661 580 2717 Jahrbiieher
608 2663 722 2732 (llberg
749 2678 778 2716 u.
807 2663 940 2726 Richter)
960 2663 1029 2716 1901
1049 2679 1077 2732 p.
1088 2663 1148 2717 172.

381 2757 408 2823 2)
429 2759 471 2814 Cf.
486 2759 573 2812 Halm
589 2759 627 2812 ad
642 2759 846 2827 0111761112,
867 2761 898 2812 E.
910 2759 1003 2813 Klebs
1013 2759 1087 2813 Mne.
1097 2759 1190 2814 Rhen.
1201 2760 1244 2826 47,
1255 2760 1290 2812 94
1301 2760 1368 2813 alia.

379 2853 406 2919 3)
426 2855 480 2908 His
500 2856 529 2908 in
550 2855 661 2908 fabulis
689 2857 742 2923 ,ist
761 2857 829 2909 1161
856 2855 905 2909 dic
929 2855 1095 2910 deutschen
1113 2854 1229 2909 Namen
1255 2856 1370 2924 gerade

272 2952 337 3005 ihre
356 2950 540 3020 Bedeutung
558 2967 620 3005 von
639 2953 793 3020 groesster
805 2951 1011 3020 Wichtigkeit.
1031 2951 1119 3005 Denn
1140 2951 1222 3005 diese
1240 2951 1307 3004 sind
1322 2993 1327 3005 .
1342 2991 1369 3004 ..

272 3049 303 3100 in
323 3048 382 3101 den
401 3048 527 3101 meisten
546 3047 667 3102 Faellen
688 3063 747 3101 von
769 3048 828 3102 den
845 3047 1023 3102 Veriassern
1043 3048 1098 3102 der
1116 3045 1215 3116 Spiele
1234 3049 1302 3123 fuer
1322 3049 1371 3101 dic

275 3144 464 3198 betreffende
493 3145 577 3198 Rolle
608 3160 669 3198 neu
696 3144 847 3214 gebildet“
882 3147 920 3214 (p.
935 3145 990 3212 31).
1028 3144 1177 3213 Imprimis
1205 3145 1311 3198 milites
1339 3148 1371 3199 61

273 3242 428 3310 agricolae
438 3243 694 3310 perstringuntur,
709 3256 769 3310 quo
777 3242 854 3296 litut
865 3242 1012 3295 nonnulla
1022 3241 1064 3294 ibi
1075 3246 1237 3295 occurrant
1249 3244 1371 3295 nomina

275 3338 324 3390 vel
343 3338 508 3391 adnomina
528 3337 738 3408 Alciphroneis
757 3345 858 3393 mente
878 3343 907 3392 61
925 3340 1024 3393 forma
1042 3339 1191 3393 simillima
1211 3338 1294 3392 velut
1309 3337 1371 3393 Un-

274 3435 416 3488 verzeit
435 3448 463 3502 p.
473 3433 508 3486 43
521 3434 722 3502 (Θραεωνίδηε)
741 3435 833 3501 miles,
854 3435 1084 3489 Reschmann
1103 3440 1133 3489 61
1152 3434 1374 3490 Schnellauf

274 3529 347 3598 146
358 3529 503 3596 (Δρόμων)
524 3530 630 3596 nuntii,
649 3529 898 3600 Pagkenpaus
917 3547 944 3599 p.
964 3531 1009 3599 63,
1029 3529 1172 3601 Schopp
1188 3533 1244 3586 ins
1264 3548 1371 3601 wang

274 3641 303 3694 p.
313 3625 348 3679 74
362 3625 505 3693 (Γνάθων),
529 3626 816 3682 Fretcndrussel
835 3645 864 3697 p.
883 3629 918 3683 73
937 3627 1200 3697 (Βουκοπνίκτηεῗ),
1220 3627 1372 3684 Senten-

273 3724 366 3776 1611
391 3739 418 3792 p.
438 3723 472 3777 76
499 3723 703 3792 (Οἰνοχαῖρων),
732 3724 881 3779 11111111
899 3742 927 3795 p.
947 3724 982 3779 74
1011 3725 1228 3792 (Κυπελλιετὴε),
1260 3727 1373 3780 Ρ6161

275 3817 386 3871 Durst
399 3835 427 3888 p.
442 3820 476 3874 76
489 3834 531 3888 sq.
560 3820 871 3889 (Arpcvurrouclhurroc)
891 3820 1095 3890 agricolarum
1115 3827 1238 3890 propter
1257 3823 1372 3874 voraci·

273 3919 366 3968 tatem
385 3916 551 3970 derisorum
572 3916 676 3985 itaque
694 3917 834 3985 parasitis
855 3917 1103 3985 propinquorum,
1131 3915 1374 3970 Maidhcfirer

274 4027 302 4079 p.
316 4011 348 4064 81
364 4011 524 4079 (Koplcroc).
561 4013 599 4065 Et
616 4014 674 4067 hoe
693 4012 897 4077 memorabile,
926 4014 1118 4082 quodetiam
1146 4013 1221 4068 haee
1250 4015 1372 4068 nomina

273 4123 334 4161 non
362 4109 552 4179 singulorum
583 4109 737 4163 hominum
769 4109 909 4177 indolem,
941 4111 994 4164 sed
1025 4124 1125 4179 genus
1156 4111 1318 4180 designant
1336 4112 1373 4164 11.

275 4222 302 4274 p.
323 4204 356 4258 74
377 4210 406 4259 61
425 4204 515 4275 1841
555 4205 627 4275 ,Die
646 4206 842 4276 Hauptsaehe
871 4222 958 4261 war‘.
980 4247 986 4260 .
1008 4247 1021 4273 .,
1051 4207 1121 4260 dass
1140 4207 1195 4260 der
1213 4207 1307 4263 Name
1335 4223 1374 4260 zu

275 4303 343 4356 dem
363 4299 656 4358 Standescherakter
676 4305 805 4376 passte“.

380 4399 409 4466 4)
429 4398 472 4453 Cf.
502 4398 537 4453 D.
557 4399 603 4453 Fr.
623 4398 750 4468 Strauss,
790 4400 836 4454 Kl.
862 4399 1012 4455 Schriften
1041 4401 1138 4469 biogr.
1168 4401 1284 4455 literar·
1312 4401 1376 4453 und

275 4497 471 4565 kunstgesch.
491 4495 616 4550 Inhalts.
654 4497 777 4566 Lipsiae
798 4499 867 4551 1862
886 4513 914 4567 p.
934 4497 988 4551 232
