3375 5192
780 443 956 498 -90-

314 617 346 682 in
379 635 498 700 graeca
525 613 653 698 quidem
686 615 853 682 comoedia
885 614 1115 681 desiderantur.
1164 617 1208 682 m
1234 639 1275 682 ex
1305 617 1412 683 Plauti

316 731 434 797 fabulis
450 737 545 796 notae
562 738 634 797 sunt
652 732 898 818 compositiones
914 733 993 798 satis
1010 734 1220 818 propinquae,
1237 754 1278 799 ex
1294 754 1412 817 graeco

315 848 403 912 fonte
439 848 507 912 sinc
531 846 628 913 dubio
653 854 808 932 sumptae.
843 847 991 913 Schmidt
1015 870 1046 933 p.
1062 849 1129 913 624
1140 869 1211 932 sqq.
1236 855 1412 933 temporum

316 963 524 1048 posteriorum
549 982 632 1045 quac
653 961 801 1028 dicuntur
818 962 1029 1046 bellonistica‚
1054 965 1243 1047 quinetiam
1260 965 1413 1030 Italorum

315 1079 476 1162 ingenium
500 1077 545 1142 ibi
569 1079 736 1162 cognovitc
769 1076 826 1144 sed
850 1079 993 1162 neglexit
1017 1080 1164 1164 vestigia,
1188 1099 1272 1162 qnae
1294 1081 1357 1144 iam
1381 1081 1414 1144 in

316 1193 482 1258 comoedia
505 1198 588 1275 sunt,
613 1193 876 1279 appellativa.
912 1195 994 1261 Nam
1016 1194 1162 1260 omnibus
1179 1193 1272 1259 huius
1288 1195 1414 1278 generis

316 1308 494 1373 nominibus
512 1307 718 1374 Plautinis
737 1308 1018 1394 Alciphronois
1040 1308 1414 1374 Batrachomachiae

316 1423 492 1490 communis
508 1430 557 1489 est
573 1424 664 1507 origo
688 1444 729 1490 cx
753 1424 967 1509 appellativis,
993 1444 1056 1506 quo
1080 1423 1175 1490 modo
1200 1430 1270 1489 orta
1294 1425 1414 1488 iamin

317 1537 456 1602 cuimine
480 1538 572 1622 cpico
596 1538 808 1621 inveniuntur,
833 1559 874 1603 ex
897 1539 1035 1604 Homero
1062 1537 1220 1619 Ἄδμητος
1248 1539 1414 1618 Ἀγχίαλοε

315 1650 454 1731 Ἄκαμαε
478 1653 669 1731 Ἀλκιμέδων
692 1653 858 1733 Δειεήνωρ
883 1652 1029 1732 Εὔμηλοε
1053 1654 1210 1732 Εὐπείθης
1232 1655 1414 1733 Περιμήοηε

317 1767 464 1850 exempla
488 1765 611 1848 adiero,
649 1786 730 1849 quae
754 1766 782 1834 si
815 1769 848 1831 in
872 1768 1014 1833 iocosum
1033 1772 1145 1852 ¹genus
1169 1773 1414 1850 commutantur,

318 1878 496 1946 ludibunda
519 1886 692 1946 nascuntur
709 1880 1029 1946 Batrachomachiae.
1066 1882 1171 1964 Atque
1195 1883 1259 1946 iam
1283 1882 1415 1964 antiqua
1517 1929 1521 1936 -

318 1995 484 2060 comoedia
501 1996 615 2061 Plauto
632 1996 736 2061 forma
760 1997 940 2086 propinqua
964 1996 1071 2079 linuit,
1095 2018 1116 2061 a
1134 1997 1219 2062 veris
1236 1996 1417 2061 hominibus

317 2111 462 2175 nimirum
483 2110 569 2175 velut
585 2111 726 2175 Διονυεο
742 2111 1016 2190 κουρο-πιιρώνων
1032 2089 1151 2175 Cratin.
1165 2113 1197 2174 II
1213 2111 1329 2197 1340)
1351 2109 1415 2176 Ἀν-

317 2229 593 2304 δροκολωνο-κλῆε
610 2225 653 2289 id.
674 2227 731 2291 171
767 2225 1416 2305 Βρυεωνο-θραευμαχειο-ληψι-κερμάτων

319 2339 458 2423 Epiripp.
476 2339 524 2402 lll
547 2339 612 2403 332
629 2340 675 2418 (4)
720 2338 1004 2418 Ἐξηκεεταλκίοαι
1038 2361 1131 2404 anon.
1148 2341 1194 2404 IV
1222 2340 1287 2404 636
1314 2332 1416 2420 (127),

319 2475 401 2537 quac
426 2452 556 2518 dnbiur'n
580 2461 684 2518 utrum
708 2454 906 2539 appellativa
930 2476 971 2518 an
995 2452 1172 2519 ludibunda
1196 2455 1324 2520 nomina
1348 2475 1416 2539 per-

319 2570 442 2634 sonalia
462 2568 676 2635 existimanda
695 2569 768 2651 sint,
790 2570 929 2634 maxime
952 2569 1416 2648 άποτιιμιιανιεχάεΑκίοιι.ΙΙΙ

318 2684 427 2764 530¹).
455 2685 495 2746 At
512 2684 552 2748 ab
572 2683 661 2746 initio
679 2683 878 2768 appellativa
894 2681 1060 2749 comoedia
1076 2689 1209 2767 usurpat
1226 2683 1334 2766 qualia
1350 2704 1416 2761 ψω-

320 2800 458 2878 μοκόλαξ
491 2797 695 2882 Aristophan.
719 2798 750 2861 ll
771 2799 852 2862 1011
872 2799 940 2882 (15)
981 2806 1013 2864 ct
1043 2798 1180 2882 Sannyr.
1203 2799 1317 2863 11875
1352 2797 1417 2876 άρι-

319 2914 505 2978 ετάδειπνοε
522 2912 649 2978 ΑΙοκίά.
668 2911 799 2977 111516
817 2913 897 2995 (25),
935 2913 1016 2977 Men.
1035 2914 1079 2977 IV
1100 2913 1162 2977 180
1199 2912 1415 2992 ζωμοτάριχοε

320 3028 448 3092 Alexid.
461 3029 509 3092 111
525 3028 591 3091 492
605 3029 652 3108 (2)
688 3027 896 3108 φιλοτάριχος
919 3027 1093 3112 Antiphan.
1110 3029 1159 3092 ΙΙΙ
1178 3028 1219 3093 97
1233 3028 1280 3108 (3)
1317 3031 1416 3092 λοπα·

321 3145 503 3223 δοφυεητήε
536 3142 679 3207 Mnesim.
704 3143 841 3208 111578
866 3143 912 3222 (4)
959 3143 1184 3222 παραμαεητήε
1218 3139 1345 3210 ΑΙοκίά.
1369 3142 1417 3206 ΙΙΙ

319 3257 384 3321 492
398 3258 456 3339 (2),
481 3256 616 3321 Timocl.
630 3256 679 3320 ΙΙΙ
695 3256 758 3321 597
774 3258 820 3338 (2)
867 3257 1061 3336 ψωμοκόλαξ
1077 3255 1212 3320 Philcm.
1230 3257 1276 3322 IV
1293 3255 1314 3320 5
1344 3254 1417 3320 Phi-

321 3371 433 3457 lippid.
450 3373 496 3436 IV
513 3372 578 3435 469
596 3373 640 3452 (4)
676 3372 918 3452 ψωμοκόλαφοε
948 3371 1067 3455 Dipiril.
1093 3372 1138 3435 IV
1152 3372 1217 3436 399
1235 3373 1282 3452 (1)
1319 3390 1417 3434 κνιεο·

321 3487 457 3566 τηρητήε
485 3486 811 3570 commiscendos)
848 3487 1054 3565 λιμοκόλακεε
1079 3507 1173 3551 anon.
1187 3487 1232 3550 IV
1246 3485 1311 3550 666
1324 3486 1416 3566 (270)

321 3600 603 3681 κλαεαυχενεάεται
639 3600 795 3686 Archipp.
813 3603 845 3665 II
864 3602 926 3666 727
945 3603 992 3681 (3)
1028 3602 1417 3681 -ετωμυλιοευλλεκτάοηε

431 3838 457 3906 1)
477 3837 524 3892 Ad
543 3839 709 3893 meretricis
728 3853 838 3892 nomen
858 3837 941 3904 Ἰεχάε
961 3838 1036 3892 Mon.
1056 3837 1097 3892 IV
1116 3837 1169 3892 154
1179 3837 1218 3905 (4)
1238 3853 1296 3904 ars,
1326 3852 1416 3907 quarn

323 3942 444 3992 exercet
462 3937 625 4004 τυμπάνων,
650 3935 819 4005 adponitur.
857 3933 998 3990 Similiter
1017 3935 1298 4002 Ἀνδροκολωνοκλῆε
1327 3934 1419 4003 expli·

323 4041 409 4088 catur
427 4035 522 4089 Bekk.
543 4032 656 4088 Anecd.
677 4051 704 4104 p.
725 4033 785 4100 394,
805 4033 838 4086 21
861 4033 993 4098 Κρατῖνοε
1021 4033 1083 4084 ἀντὶ
1111 4037 1163 4085 τοῦ
1196 4033 1283 4097 φάναι
1311 4031 1419 4097 ἠλίθιον

321 4133 466 4186 Ἐτεοκλέα
485 4134 576 4186 οὕτω(
595 4131 645 4199 ὑφ’
665 4131 695 4184 ἓν
714 4133 759 4184 καὶ
776 4131 821 4184 διὰ
840 4137 903 4196 μιᾶε
921 4131 1021 4185 λέξεωε
1039 4131 1095 4197 ἔφη
1110 4131 1155 4183 διὰ
1167 4135 1219 4182 τοῦ
1233 4130 1265 4182 ἐκ
1279 4130 1418 4183 Κολωνοῦ.

323 4229 502 4284 Androclem
524 4243 597 4283 sanc
616 4229 670 4296 (sie
685 4227 796 4283 Cratin.
806 4227 835 4281 II
849 4227 899 4281 133
910 4226 948 4295 (2)
968 4243 1076 4296 reapse
1090 4226 1223 4281 Colonea
1241 4227 1335 4279 fuisse
1347 4226 1420 4278 inde

323 4342 384 4380 non
404 4330 529 4392 constat,
549 4327 646 4395 potest
666 4324 788 4379 ludibrii
801 4340 895 4379 causa
909 4341 945 4380 co
958 4329 1121 4378 revocatus
1135 4339 1211 4378 esse.
1231 4323 1277 4376 Do
1291 4323 1419 4376 aliorum

323 4423 420 4490 δήμων
440 4423 586 4476 similibus
605 4421 879 4492 significationibus
898 4438 926 4475 v.
947 4420 1055 4476 Grasb.
1074 4437 1102 4490 p.
1121 4420 1157 4475 56
1166 4436 1231 4490 sqq.
