3375 5192
733 513 910 568 ..39-

266 680 425 765 videntur,
465 682 683 767 parasitica
718 681 802 748 diuo.
847 679 914 747 Sed
953 681 1054 746 tribus
1089 680 1243 765 exceptis,
1283 699 1365 762 quae

267 797 341 860 inde
365 804 491 880 sumpta
516 816 586 862 esse
619 803 764 880 apparet,
801 797 862 862 etsi
886 795 1106 860 nonnullorum
1131 795 1218 859 ooior
1241 815 1363 860 oomoe-

267 909 340 974 diae
364 910 487 992 similis,
511 909 641 975 maioris
664 929 775 975 numer
799 909 903 975 torma
926 932 946 975 a
970 909 1155 976 comoediae
1180 929 1237 974 usu
1269 910 1364 992 longe

266 1023 398 1090 recedit.
446 1024 551 1104 Quare
568 1045 586 1092 e
603 1045 636 1090 re
661 1026 721 1091 erit
745 1024 930 1091 comoediae
960 1032 993 1090 et
1017 1024 1221 1110 Aieipbronis
1244 1024 1364 1088 nouri-

267 1158 349 1202 num
373 1139 516 1206 formas
539 1141 721 1206 accuratius
745 1138 958 1206 considerare.
996 1136 1192 1205 Comoedias,
1217 1139 1364 1223 exempta

267 1253 439 1319 seeundum
465 1256 703 1322 terminationes
726 1255 884 1340 disposuit
902 1255 1035 1320 Obarles
1051 1255 1190 1320 William
1215 1253 1363 1339 Peppter,

268 1367 377 1434 Comio
402 1370 622 1435 terminations
644 1371 676 1436 in
702 1370 934 1456 Aristophanes
964 1369 1027 1435 and
1051 1369 1106 1435 tbe
1130 1370 1240 1435 Contio
1265 1370 1364 1450 Frag-

268 1489 380 1548 ments.
427 1483 536 1548 Parti
553 1484 777 1566 Diminutives,
799 1482 974 1550 Obaraoter
989 1483 1118 1566 Names,
1142 1483 1365 1566 Patronymiis

271 1597 460 1677 (Baitimore
475 1598 572 1679 1902)
586 1606 683 1682 atque
694 1597 743 1662 bis
754 1617 1012 1682 compararemus
1022 1596 1248 1682 Aieipbronea.
1273 1597 1320 1661 Su
1331 1597 1363 1659 b-

267 1713 447 1777 stantiva
463 1711 643 1778 hominibus
658 1711 808 1797 imposita
825 1712 878 1777 hio
901 1719 933 1777 et
956 1712 1022 1777 illie
1046 1733 1119 1778 rara
1143 1717 1233 1792 sunt3
1258 1719 1363 1774 tantun

269 1825 491 1911 Aluiphroueis
527 1827 646 1892 libroI
680 1827 850 1901 (κόπελος,
886 1827 918 1891 ΙΙ
952 1827 1079 1892 Θαλλός
1112 1826 1241 1890 Κότινος
1270 1824 1363 1906 Ὕλη,

270 1941 312 2004 iV
332 1939 489 2005 Γνάθαινα
513 1941 629 2005 Λέαινα
654 1941 779 2019 Λείριον
796 1941 948 2006 Λεόντιον
967 1941 1115 2023 Μέλιςςα,
1140 1941 1189 2004 111
1206 1940 1363 2018 (upburd-

267 2057 389 2117 παλλος
414 2053 567 2118 Κύναιθος
593 2054 677 2138 (ipsa
702 2073 827 2136 quoque
853 2075 893 2120 ex
919 2053 1112 2133 nominibus)
1137 2055 1228 2138 paria
1261 2074 1300 2116 no
1332 2054 1364 2116 in

269 2166 435 2232 comoedia
460 2167 588 2249 quidem
614 2167 729 2233 desunt
748 2169 835 2234 velut
854 2169 965 2232 Κανών
983 2168 1142 2247 Κεραυνός
1159 2167 1364 2246 Λαβύρινθος.

267 2281 310 2344 At
333 2301 374 2346 ex
397 2281 607 2348 substantivis
640 2289 710 2347 orta
734 2283 784 2347 vet
809 2283 937 2347 nomina
961 2282 1086 2366 agentis
1108 2283 1141 2345 in
1164 2301 1213 2360 -ης
1237 2281 1287 2346 vet
1312 2281 1365 2345 de-

267 2396 422 2461 minutiva
438 2398 470 2461 in
487 2401 633 2477 -ohth)0c,
658 2402 749 2479 -ιλος,
767 2418 858 2480 -ιχος,
875 2418 974 2479 -υχος,
992 2418 1065 2480 -ιον,
1082 2403 1132 2464 -αξ
1145 2396 1295 2461 exeuntia
1313 2394 1364 2456 hie

269 2516 301 2574 et
317 2508 385 2574 iliio
401 2509 529 2594 saepius
553 2511 764 2590 inveniuntur,
784 2509 854 2574 Aio.
872 2509 953 2575 libro
971 2511 985 2573 I
1002 2509 1217 2587 Αἰγιαλεύς-
1235 2508 1364 2586 Κύρτων

268 2625 452 2688 Θαλαςςίων
480 2661 522 2669 -
552 2625 703 2688 Γλαυκίας
721 2625 851 2705 (ωςίας,
876 2625 956 2689 libro
975 2626 1005 2687 il
1022 2624 1128 2701 Αἴγων
1153 2622 1304 2702 Κορύοων
1321 2659 1364 2666 -

268 2739 404 2816 ’Λρνίων
428 2736 605 2818 ’Λμπελίων
630 2739 784 2802 Ἐλατίων
806 2738 973 2802 Πιθακίων
1001 2738 1152 2817 Μοςχίων
1167 2738 1298 2801 Παςίων
1321 2773 1364 2781 -—

267 2851 438 2916 Ἄςτυλλος
471 2889 512 2898 -
542 2853 693 2932 Δρυὰοης
728 2853 933 2931 Δρυαντίοας
971 2851 1163 2933 Κρηνιάοης,
1200 2851 1280 2914 libro
1317 2851 1364 2912 lli

146 3053 149 3059 Ι
269 2967 399 3030 Γνάθων
425 2967 573 3045 Γρόνθων
597 2967 734 3045 Ὠκίμων
756 3003 794 3011 -
820 2966 980 3045 Γρυλλίων
1017 2966 1160 3028 Βουιςίων
1184 2965 1366 3042 (τρουθίων

269 3081 440 3144 Κοτταοίων
464 3081 603 3145 (κοτίων
627 3119 669 3126 -
694 3080 890 3160 (κορπιάοης
924 3081 1075 3160 Μεριοᾶς,
1100 3079 1181 3142 libro
1200 3079 1244 3142 lV
1270 3080 1365 3155 Κρου-

268 3197 381 3274 μάτιον
406 3194 591 3274 Ἀνθράκιον
610 3194 794 3274 Μοςχὰριον
821 3196 1005 3274 Παρθένιον
1022 3194 1159 3273 Χρυςίον
1183 3229 1225 3238 -
1252 3194 1365 3271 Βακχίς

268 3310 376 3388 Δωρίς
401 3310 560 3388 Θρυαλλίς
595 3312 668 3374 Λαίς
697 3310 880 3374 (αλαιςωνίς
902 3309 1062 3374 Ὑακινθίς
1096 3309 1224 3373 Φυλλίς.
1263 3308 1365 3371 Eoo-

269 3423 395 3488 moedia
421 3424 517 3490 liaeo:
544 3425 677 3490 Ναύςων
698 3425 819 3490 Cratini
841 3425 970 3504 Ἰχθύων
993 3423 1177 3505 Teleoiidis,
1203 3424 1366 3502 Κορακίων

268 3537 434 3623 Archippi,
468 3539 607 3603 Καπνίας
631 3539 868 3623 Aristophanis,
899 3541 1019 3603 Κοννᾶς
1045 3538 1177 3619 Cratini,
1213 3537 1366 3616 Ἀρίςτυλ·

269 3656 325 3722 λος
349 3652 583 3737 Aristophanis,
618 3653 739 3717 Φαίοαξ
773 3652 951 3736 Eupolidis.
998 3653 1111 3734 Neque
1141 3650 1365 3715 adieetivi

268 3768 371 3832 torma
411 3768 498 3831 velut
536 3767 606 3831 Alo.
639 3767 720 3830 libro
750 3767 763 3828 l
802 3765 964 3846 Ἀρμένιος
1005 3766 1155 3844 Λύχὲνιος
1191 3766 1365 3842 Γαληναῑος

269 3881 443 3946 Θαλάςςιος
474 3883 633 3945 Θυνναῑος
668 3881 807 3944 Πόντιος
843 3881 1029 3958 Πρυμναῑος
1064 3879 1199 3960 Ῥόθιος,
1235 3879 1316 3940 iihro
1334 3879 1365 3942 ΙΙ

268 3995 405 4073 Ληναῑος
454 3996 597 4059 Ναπαῖος
646 3995 762 4074 Νόμιος
812 3995 972 4072 Πετραῖος
1019 3992 1140 4075 Ὥριος,
1199 3993 1280 4056 libro
1321 3993 1365 4056 lV

269 4111 407 4187 Γλυκέρα
444 4110 586 4187 Θεττάλη
611 4109 766 4188 Φοιβιανή
802 4109 893 4187 (talia
922 4107 1038 4173 desunt
1066 4106 1146 4172 libro
1169 4107 1233 4187 III)
1268 4128 1287 4171 a
1316 4127 1365 4170 ςο

268 4222 394 4288 moedia
433 4224 539 4289 aliena
573 4231 656 4306 stunt,
692 4224 816 4289 etiamsi
852 4223 982 4304 rariora,
1019 4229 1054 4287 ut
1089 4223 1205 4287 Ξένιος
1233 4221 1364 4286 Cratini.

268 4337 333 4402 Sed
358 4338 397 4401 iis
421 4338 538 4402 similia
571 4357 654 4420 quae
678 4336 831 4419 Aleipbro
866 4356 904 4401 ex
939 4336 1063 4402 duabus
1093 4335 1247 4421 stirpibus
1271 4337 1366 4400 tinxit

267 4452 395 4515 nomina
421 4453 551 4536 propria
581 4451 667 4516 velut
690 4452 984 4528 Πινακοςττόγγιςος
1008 4451 1279 4530 Τραπεζολείιιτης
1302 4450 1366 4514 alia
