3375 5192
697 523 873 582 ..93-

238 691 470 782 appellabatur,
512 695 661 760 Κοτύλων
701 697 789 762 Varii
829 716 958 762 scurrae
998 717 1174 780 cognomen
1212 719 1243 784 p.
1277 696 1333 779 36)

238 816 365 876 secutus
400 809 469 874 Alc.
499 816 533 874 ut
558 810 721 893 11125,4
756 810 1044 891 (uopbomppdvrou
1081 831 1189 876 verum
1219 832 1333 877 nornen

238 924 405 1008 Polybium
441 923 559 989 diserte
595 931 730 990 testatur
765 925 811 990 ita
847 931 1023 990 ceterorum
1049 945 1174 1008 quoque
1198 927 1335 1012 plurima

238 1039 279 1105 ad
319 1040 540 1124 cognominum
579 1038 707 1104 modum
740 1039 847 1104 finxit.
899 1039 993 1106 Unde
1025 1040 1232 1124 intellegitur,
1272 1061 1334 1123 quo

237 1153 358 1218 iactum
391 1153 433 1218 sit
465 1159 500 1218 ut
526 1154 793 1240 appellativorum
817 1161 893 1220 ante
916 1175 987 1220 eum
1012 1155 1191 1239 volgarium
1214 1156 1335 1221 formas

238 1269 447 1353 usurpaverit.
505 1268 594 1334 Idem
634 1276 709 1335 ante
747 1290 829 1354 eum,
868 1271 929 1336 nisi
968 1271 1073 1354 fallor,
1116 1269 1334 1335 Batracho-

238 1383 389 1448 machia
423 1382 512 1467 fecit‚
548 1383 590 1449 ad
626 1386 716 1452 cuius
747 1385 854 1470 operis
889 1390 955 1449 tum
989 1405 1047 1469 pro
1082 1390 1208 1450 vetusto
1232 1384 1333 1449 habiti

239 1498 418 1582 exemplum
442 1496 587 1582 sophista
604 1498 702 1583 elegit
725 1518 764 1563 ac
780 1498 888 1580 linxit,
913 1519 976 1564 non
993 1506 1100 1564 tamen
1116 1498 1252 1582 singula,
1276 1497 1334 1563 sed

238 1612 416 1678 universum
442 1612 579 1678 colorem
603 1613 781 1678 imitatione
805 1614 997 1698 exprimens.
1045 1614 1121 1678 Plus
1144 1633 1222 1678 sane
1249 1611 1335 1677 Lud-

240 1725 321 1792 wich
348 1725 602 1801 concludendum
626 1747 696 1792 esse
720 1728 856 1811 putavit,
890 1727 943 1810 qui
968 1726 1117 1793 editionis
1141 1748 1172 1813 p.
1198 1729 1236 1792 71
1263 1748 1333 1810 sqq.
1422 1724 1426 1737 ¹

238 1842 356 1926 optime
367 1839 408 1908 de
420 1841 505 1907 illius
516 1843 664 1908 carminis
674 1842 854 1907 nominibus
865 1843 1013 1926 exposuit
1023 1840 1086 1906 duo
1096 1861 1217 1925 genera
1229 1860 1334 1923 segre·

239 1975 319 2039 gans
343 1956 477 2022 alterum
502 1958 735 2042 primigenium,
761 1957 895 2022 alterum
913 1957 1083 2042 postremis
1106 1954 1233 2021 demum
1257 1961 1334 2020 tem-

237 2070 368 2155 poribus
402 2070 485 2136 ialso
518 2092 575 2157 pro
608 2071 813 2155 appellativis
846 2072 1009 2152 insertum,
1047 2069 1210 2135 codioeL
1243 2070 1335 2135 nobis

238 2183 401 2250 traditum.
449 2185 539 2251 Haec
563 2206 634 2250 eum
647 2191 721 2250 ante
739 2183 964 2269 Alciphronenr
983 2185 1145 2249 exstitisse
1161 2189 1264 2269 putet,
1280 2182 1335 2267 qui

237 2301 464 2379 Ἀρτεπίθυμον
499 2299 673 2366 secundum
705 2298 953 2378 Ἀρτεπίβουλον
991 2298 1073 2364 falso
1112 2319 1171 2382 pro
1209 2301 1336 2364 nomine

237 2413 396 2497 personali
424 2413 568 2480 habitum
595 2415 726 2480 finxerit
754 2415 799 2498 (p.
814 2413 856 2478 73
884 2411 958 2480 adn.
978 2413 1066 2495 140),
1104 2434 1136 2499 p.
1158 2414 1200 2478 97
1230 2412 1336 2498 plures

237 2525 460 2594 similitudines
484 2530 656 2614 componit,
681 2549 763 2613 quae
780 2530 863 2593 iuter
884 2527 966 2595 haec
983 2529 1157 2613 parasitica
1173 2534 1206 2592 et
1223 2528 1334 2592 Batra-

238 2641 447 2710 chomachiae
479 2664 601 2708 murum
626 2645 754 2709 uomina
787 2642 999 2708 intercedant.
1047 2641 1113 2707 Sed
1137 2662 1178 2707 ne
1202 2643 1335 2706 nimium

238 2756 465 2825 concludamus
489 2757 677 2824 cavendum.
726 2758 866 2836 Μεριδᾶ(
882 2777 959 2823 sane
984 2757 1038 2821 vix
1054 2756 1251 2839 intellegitur·
1273 2756 1334 2820 nisi

238 2872 458 2952 Μεριδὰρπαγι
483 2874 570 2938 Batr.
588 2874 653 2938 260
678 2878 863 2966 comparato
886 2892 926 2936 ae
952 2871 1140 2951 Λειχοπίναξ
1164 2870 1252 2935 Batr.
1274 2872 1335 2934 100

237 2986 321 3052 idern
346 2993 395 3053 est
418 2995 514 3071 atquc
531 2987 735 3074 Aleiphronis
752 2987 941 3067 Λειχοπίναξ
965 2986 1222 3066 simillimumque
1237 2984 1336 3048 Πινα-

238 3103 434 3186 κοεπογγίεῳ
474 3102 584 3185 (priori
612 3103 707 3187 parti,
748 3102 850 3166 altera
888 3101 929 3165 ab
968 3101 1061 3183 epieo
1097 3097 1203 3163 colore
1238 3099 1335 3162 etiam

237 3215 391 3299 parodico
424 3217 518 3282 nimis
549 3215 695 3298 recedit).
742 3216 917 3280 Praeterea
944 3209 1189 3293 Ἐμβαείχυτρο(
1217 3213 1253 3276 Β.
1271 3212 1332 3277 137

208 3415 211 3420 Δ
239 3329 460 3415 Χυτρολείκτῃ,
496 3330 663 3410 Ψιχὰρπαξ
687 3331 730 3394 24
758 3330 1022 3414 Ψιχοδιαλέκτῃῑ)
1055 3329 1134 3394 satis
1157 3327 1336 3413 propinqua

238 3448 321 3507 sunt.
376 3443 420 3508 At
454 3450 560 3509 utrum
597 3465 654 3528 pro
691 3443 897 3529 appellativis
929 3463 970 3508 an
994 3442 1215 3528 personalibus
1250 3441 1335 3507 Alci·

239 3555 319 3640 phro
347 3557 657 3624 Batrachomachiae
689 3559 818 3624 nomina
843 3558 991 3625 habuerit
1019 3558 1187 3639 nescimus,
1216 3556 1335 3641 quippe

238 3670 291 3752 qui
308 3691 537 3757 saepenumero
554 3673 752 3758 appellativa
769 3671 911 3738 imitatus
924 3672 1044 3756 pariter
1055 3669 1230 3737 secundum
1246 3670 1334 3749 ἀρτε-

237 3823 451 3832 —-—--—-——--..

344 3935 371 4001 1)
390 3935 524 3988 Eandem
544 3935 785 3989 terminationem
802 3933 873 3999 -lurv,
892 3933 972 4001 -ίδηε,
991 3936 1257 4001 utocargumcnto
1271 3946 1333 3985 non

237 4045 303 4085 esse
322 4036 458 4101 apparet.
496 4031 718 4098 Βορβοροκοίθηε
745 4031 798 4084 226
817 4035 847 4085 et
867 4031 1084 4097 Βορβορόζωμο(
1108 4028 1186 4082 male
1215 4043 1333 4096 compa·

237 4132 351 4195 rantur,
371 4128 504 4194 βόρβορος
524 4129 607 4202 apud
619 4127 831 4198 Alciphronem
852 4128 942 4197 plane
961 4127 1047 4180 aliter
1067 4126 1228 4180 adhibetur
1241 4130 1333 4194 atque

236 4225 267 4277 in
287 4223 565 4292 Batrachomachia,
585 4225 616 4278 in
636 4240 697 4295 qua
717 4240 811 4279 ranae
830 4224 916 4279 sedes
931 4225 1116 4294 designatur.
1155 4223 1237 4277 Idem
1252 4223 1333 4276 cadit
1392 4268 1395 4273 .

237 4320 267 4372 in
286 4319 530 4387 Πτερνογλύφον
547 4321 612 4374 224:
642 4322 920 4389 Κεφαλογλύπτην,
940 4333 1039 4388 neque
1065 4334 1103 4372 ex
1135 4322 1221 4386 parte
1248 4318 1333 4383 βάτηε

237 4415 319 4469 haud
348 4433 417 4472 raro
446 4423 594 4487 usurpata
623 4419 785 4486 quicquam
817 4417 855 4470 de
876 4416 1058 4482 Κραμβοβάτῃ
1078 4415 1130 4468 937
1150 4419 1180 4467 et
1200 4414 1331 4482 Ναυβάτῃ

237 4513 417 4569 concludere
436 4516 512 4569 licet.
532 4515 629 4568 Etiam
651 4514 688 4569 de
709 4513 833 4582 Ὠκιμῑδῃ
855 4514 968 4567 dubito.
1084 4591 1088 4598 .
