3375 5192
700 473 805 535 ..pr
847 507 876 518 -

344 656 490 734 Γλαύκη
510 657 540 719 II
560 655 600 720 18
625 653 763 736 deanue
787 653 860 746 lieri
876 657 982 737 potest
998 657 1033 715 ut
1050 655 1180 734 propter
1197 649 1333 713 Theocr.
1451 661 1453 665 '

237 773 281 838 IV
298 773 337 838 31
366 771 544 837 bucolicum
568 789 683 834 nomen
713 766 876 851 sophistae
910 767 1013 831 visum
1048 766 1099 846 sit,
1136 765 1262 830 etiamsi
1298 784 1335 828 eo

128 944 130 950 .
236 889 307 955 loco
332 887 372 952 de
396 886 593 952 citharistria
616 885 732 966 agitur,
766 881 823 948 sed
858 883 905 946 ita
938 881 1026 947 clara
1060 886 1095 945 ut
1121 867 1174 943 ΑΡ
1192 878 1335 944 V11262

237 1011 368 1088 propter
392 1004 547 1068 Glaucam
564 1001 738 1066 Theocrito
762 998 1008 1064 adscriberetur.
1055 995 1178 1060 Rustici
1212 992 1335 1076 aliquid

230 1139 277 1184 au
317 1139 358 1183 ex
397 1116 549 1202 Nympha
588 1115 712 1180 Glauca
747 1113 885 1178 Pausan.
911 1110 990 1174 VIII
1011 1109 1109 1190 tte
1145 1114 1178 1173 et
1213 1107 1359 1173 Glauco·

236 1239 366 1318 pastore
390 1251 462 1296 cum
479 1229 648 1314 corydone
673 1228 843 1292 coniuncto
870 1227 924 1292 ΑΡ
940 1225 986 1290 VI
1002 1224 1045 1289 96
1063 1221 1215 1306 colligere
1238 1222 1335 1286 liceat

236 1348 354 1413 neseio.

413 1557 440 1601 c.
477 1535 607 1600 Tertii
632 1533 724 1598 libri
747 1533 904 1600 nomina
928 1533 1159 1617 parasitica.
1262 1519 1266 1523 ⁵

347 1676 394 1741 De
423 1673 636 1761 parasitorum
670 1691 788 1755 genere
813 1676 845 1736 et
869 1670 1008 1736 moribus
1042 1672 1162 1755 optime
1186 1669 1333 1742 Ribbeck

237 1791 338 1857 Colax
363 1789 446 1855 Abh.
472 1788 501 1853 d.
528 1786 630 1852 sache.
657 1785 731 1851 Ges.
757 1784 786 1864 d.
811 1785 905 1850 Wiss.
932 1784 1063 1870 Lipsiae
1090 1785 1185 1850 1883.
1219 1784 1336 1865 linem,

238 1907 300 1971 Die
317 1904 486 1970 Parasiten
512 1904 562 1968 bei
588 1900 650 1966 den
674 1900 843 1965 Grieehen.
892 1901 953 1965 Die
977 1900 1262 1965 Parasitennamcn
1284 1900 1335 1964 bei
1443 1924 1444 1927 ¹

237 2019 421 2114 Alciphrou.
446 2019 559 2102 Progr.
585 2016 615 2080 d.
638 2016 754 2100 Gymn.
779 2036 817 2078 uu
834 2013 976 2098 Belgard
996 2015 1081 2080 1815
1096 2013 1335 2099 alphabeticum
1455 2084 1458 2092 ⁴

237 2134 382 2224 ordinem
407 2139 535 2200 secutus
557 2131 642 2196 ultra
666 2130 793 2194 tertiam
818 2128 958 2194 litteram
981 2145 1044 2194 non
1068 2129 1234 2214 processit.

346 2250 374 2312 1.
423 2246 622 2326 Γρυλλίων
637 2245 687 2308 III
705 2244 735 2326 8,
756 2245 783 2308 l.
809 2243 859 2307 III
874 2243 928 2308 22.
975 2245 1026 2308 Ab
1050 2243 1161 2327 orgine
1176 2261 1335 2344 agnomen

236 2361 377 2428 ioculare
412 2379 527 2444 perse
552 2357 718 2423 honestum
755 2356 988 2442 utGryllus1),
1023 2378 1086 2440 quo
1110 2356 1335 2441 Xenophontis

236 2481 329 2559 pater
352 2481 383 2540 et
406 2475 494 2540 filius
519 2472 673 2538 nominati
698 2481 780 2554 sunt,
815 2471 856 2538 de
888 2472 960 2538 aliis
985 2495 1014 2538 v.
1039 2472 1095 2556 Sp.
1120 2493 1150 2556 p.
1167 2472 1221 2536 54.
1268 2469 1334 2536 Sed
1462 2536 1464 2541 ,

237 2609 277 2656 ex
301 2589 542 2672 significatione
566 2586 719 2672 primaria
734 2587 864 2651 ‘laetum
889 2594 947 2664 est,
983 2593 1018 2650 ut
1041 2585 1161 2652 bomini
1185 2586 1270 2650 molli
1295 2605 1335 2650 ae

236 2703 406 2770 libidinoso
445 2702 660 2787 imponeretur
703 2703 751 2766 sui
792 2701 1001 2786 comparabili
1045 2702 1087 2766 ci.
1124 2701 1334 2765 Horatianum

238 2819 381 2902 Epicuri
406 2819 447 2882 dc
469 2838 566 2903 prece
586 2837 730 2900 porcum
753 2835 803 2900 ep.
821 2817 836 2879 I
854 2815 918 2879 416
943 2821 975 2878 et
998 2815 1163 2879 Plutarchi
1188 2812 1332 2897 Gryllum

238 2927 489 3011 (UsenerEpic.
513 2949 544 3011 p.
563 2927 679 3008 LXX).
728 2928 796 2993 Nec
821 2927 924 2992 minus
948 2926 1095 2992 idoneum
1121 2931 1169 2991 est
1193 2924 1334 3010 parasito

239 3041 294 3121 (ci.
320 3041 481 3126 Aristoph.
509 3041 592 3106 Plut.
614 3041 682 3115 ⁷315
707 3042 817 3106 ἕπεεθε
841 3043 934 3121 μητρὶ
963 3045 1067 3120 χοῖροι
1096 3040 1180 3123 quod
1205 3038 1337 3123 Scholia

238 3159 450 3236 παροιμιῶδες
474 3157 525 3220 ἐπὶ
548 3160 614 3221 τῶν
637 3159 867 3221 κολακευτικῶ(
899 3177 978 3220 τιειν
1010 3155 1178 3234 ἑπομένων
1210 3159 1333 3233 τροφὴ(

237 3270 329 3335 ἕνεκα
353 3269 473 3335 dictum
498 3270 684 3354 explicant),
710 3290 727 3335 e
752 3268 919 3334 comoedia
941 3275 1017 3335 noto
1042 3269 1199 3353 Gryllioni
1216 3270 1332 3334 Axion.

237 3385 285 3449 III
301 3385 362 3450 531
391 3387 448 3466 (2),
475 3386 575 3469 Lync.
601 3385 687 3470 apud
709 3385 825 3450 Athen.
844 3385 889 3449 VI
906 3407 936 3470 p.
953 3386 1118 3468 244qu.
1143 3386 1196 3468 qui
1221 3383 1333 3450 dubito

236 3520 276 3564 an
302 3519 411 3564 verum
440 3499 598 3565 hominem
631 3501 664 3565 in
695 3507 800 3565 mente
833 3502 994 3565 tenuerint
1025 3500 1175 3586 Phrynae
1208 3499 1334 3566 seilicet

236 3615 411 3699 parasitum
447 3615 563 3680 Athen.
589 3616 655 3680 XII
672 3638 703 3701 p.
720 3616 828 3680 5911)
861 3619 1119 3695 memoratum2).
1178 3615 1331 3680 Similiter

345 3845 369 3910 1)
390 3843 423 3896 In
446 3842 585 3914 Aegypto
605 3844 771 3898 secuudum
790 3844 866 3921 ΙΡΙίοΙ
886 3844 913 3898 N
941 3844 976 3898 H.
995 3844 1038 3911 35,
1061 3845 1100 3896 10.
1113 3845 1148 3899 37
1162 3843 1333 3913 Anttpbilus

237 3941 379 4011 Gryllum
411 3939 576 3996 deridiculi
605 3939 726 3996 habitus·
755 3942 883 4011 pingere
916 3942 1028 4001 didicit.
1065 3942 1146 3996 unde
1174 3941 1208 3998 id
1236 3957 1332 4012 pertua

232 4035 373 4106 picturae
392 4035 487 4107 prulli
505 4039 660 4093 cocuntur.
710 4037 787 4093 Num
814 4054 850 4092 eo
881 4039 1001 4092 saltatio
1031 4039 1184 4092 hominum
1214 4038 1332 4092 bestiali

237 4135 341 4189 babitu
367 4137 550 4202 vestItorum,
582 4137 660 4189 inter
686 4151 763 4204 quas
791 4137 956 4202 rpullrcpov
985 4134 1209 4205 Aegyptiacum
1238 4135 1332 4189 Bekk.

236 4230 350 4284 Arrecd.
371 4231 430 4286 133
450 4237 608 4299 testantur,
626 4232 788 4286 referenda
807 4233 844 4286 sit
863 4249 925 4286 non
945 4238 1071 4286 constat.
1116 4220 1119 4223 ’

343 4328 370 4390 2)
390 4329 548 4397 Duplieem
577 4344 698 4383 sensum
723 4334 753 4383 et
790 4331 955 4383 honestatis
992 4337 1022 4383 et
1059 4330 1191 4382 libidinis
1228 4330 1331 4397 nequi-

237 4425 358 4494 tiaeque
390 4426 563 4496 percepisse
582 4426 742 4480 Herondas
777 4427 897 4480 videtur
926 4442 994 4480 cum
1027 4427 1098 4480 150
1117 4428 1263 4492 Γρύλλον
1282 4426 1333 4479 τὸν
