3375 5192
797 538 971 590 „70.-

335 713 392 777 illa
419 713 503 778 notis
531 712 675 797 personis
706 716 857 792 uteretur,
893 711 967 776 huic
998 716 1104 776 autem
1135 710 1281 791 ὀνόματα
1307 731 1433 796 semper

337 827 430 892 καινά
453 828 594 912 (propria
617 829 757 910 quoqne)
792 825 986 891 invenienda
1015 833 1139 908 essent;
1174 833 1287 912 postea
1321 847 1433 891 nova

337 939 565 1007 comoedia
601 947 689 1007 certa
713 942 809 1007 certis
838 940 982 1026 personis
1006 941 1135 1026 propria
1159 941 1316 1017 adhibuit,
1349 940 1435 1023 quod

336 1062 463 1140 praeter
501 1055 684 1140 fragmenta
726 1055 917 1138 fabulasque
956 1056 1064 1121 Plauti
1103 1078 1142 1124 ac
1181 1057 1312 1122 Terenti
1353 1057 1435 1121 hene

338 1171 509 1235 inlustrant
525 1171 805 1253 grammaticorum
823 1171 1074 1237 ohservationes.
1094 1171 1234 1237 Donati
1247 1170 1288 1236 ad
1306 1172 1435 1236 Terent.

337 1283 473 1369 Adelph.
490 1286 522 1348 l:
550 1285 698 1363 „nomina
710 1285 891 1369 personalia
905 1287 936 1349 in
950 1285 1117 1352 comoedia
1132 1284 1302 1351 dumtaxat
1318 1284 1437 1349 hahere

337 1399 458 1465 dehent
491 1398 648 1464 rationem
676 1406 709 1463 et
732 1399 971 1485 etymologiam.
1018 1400 1145 1466 Etenim
1180 1398 1353 1464 absurdum
1388 1405 1437 1464 est

341 1515 496 1579 commum
521 1519 634 1598 aperte
658 1520 849 1595 argumenta
873 1514 1060 1598 confingere
1084 1514 1134 1580 rel
1150 1534 1263 1579 nomen
1280 1533 1437 1598 personae

338 1630 547 1712 incongruum
572 1628 649 1693 dare
673 1628 724 1692 vel
742 1627 900 1708 officium,
925 1627 1010 1709 quod
1027 1629 1069 1693 sit
1085 1649 1105 1693 a
1121 1630 1247 1693 nomine
1263 1628 1435 1693 diversum.

339 1744 422 1808 Hinc
460 1737 572 1809 servus
604 1741 714 1809 fidelis
747 1743 962 1816 Parmeno,
995 1743 1138 1808 infidelis
1171 1742 1221 1808 vel
1255 1742 1356 1827 Syrus
1386 1741 1437 1807 rel

339 1858 432 1940 Geta,
455 1857 546 1922 miles
563 1858 614 1922 vel
632 1856 783 1923 Thraso
800 1858 852 1923 vel
869 1858 1032 1935 Polemon,
1057 1858 1181 1924 iuvenis
1195 1856 1437 1942 Pamphilus,

337 1978 484 2038 matrona
499 1969 722 2056 Myrrhina,
740 1978 772 2037 et
787 1991 868 2056 puer
884 1971 935 2037 vel
952 1972 993 2037 ab
1010 1972 1108 2037 odore
1124 1970 1242 2037 Storax
1259 1971 1310 2036 vel
1326 1992 1346 2036 a
1363 1969 1437 2036 ludo

338 2094 370 2152 et
393 2086 639 2171 gesticulatione
655 2085 766 2150 Circus
790 2091 821 2151 et
846 2085 920 2151 item
938 2087 1064 2151 similia.
1098 2087 1135 2151 In
1153 2086 1267 2169 quibus
1283 2106 1436 2151 summum

338 2205 454 2286 poetae
478 2199 590 2264 vitium
615 2205 674 2280 ost,
699 2200 726 2263 si
750 2198 827 2281 quid
846 2201 1039 2264 econtrario
1064 2219 1247 2285 repugnans
1264 2199 1438 2264 diversum·

338 2333 400 2397 qne
423 2313 601 2399 protulerit,
625 2314 686 2378 nisi
710 2333 768 2398 per
791 2313 981 2393 dvrtppocrv
1004 2334 1118 2379 nomen
1141 2313 1329 2398 imposuerit
1353 2314 1438 2379 iocu-

338 2429 448 2494 lariter
484 2434 518 2492 nt
551 2427 781 2511 Misargyrides
815 2429 850 2491 in
878 2428 994 2493 Plauto
1029 2427 1148 2494 dieitur
1182 2429 1350 2512 trapezita.
1396 2427 1440 2492 Et

339 2543 408 2608 fere
431 2540 493 2606 hoe
528 2540 623 2606 modo
647 2539 731 2626 apud
757 2542 838 2607 alios
862 2563 882 2607 a
905 2543 1009 2627 poetis
1043 2543 1172 2608 nomina
1207 2549 1439 2626 componuntnr

340 2655 552 2722 describenda
585 2677 644 2741 per
666 2654 889 2738 ἀντίφραεινα.
936 2656 1026 2723 Idem
1051 2656 1093 2722 ad
1117 2680 1148 2723 v.
1172 2658 1253 2723 973:
1291 2667 1346 2736 ,ut
1368 2659 1439 2743 ipse

339 2771 458 2856 Syrus
474 2770 519 2836 ita
535 2791 614 2836 uxor
627 2769 771 2856 Phrygia
782 2770 956 2838 seeundum
974 2779 1111 2855 veteres,
1128 2774 1181 2854 qui
1198 2774 1299 2838 servis
1310 2772 1439 2838 nomina

225 2933 228 2938 -
339 2907 359 2952 a
386 2886 569 2951 nationibus
599 2884 826 2969 imponebant“
841 2890 876 2967 ¹).
910 2895 942 2952 et
973 2886 1015 2953 ad
1048 2887 1148 2952 Andr.
1177 2888 1257 2953 226:
1295 2908 1439 2972 „semper

319 3001 468 3093 ¹nomina
492 3001 684 3068 comicorum
709 3020 871 3066 servorum
895 3010 951 3066 aut
975 3023 995 3066 a
1018 3003 1201 3067 nationibus
1235 3009 1308 3066 sunt
1336 3001 1439 3067 indita

338 3122 374 3179 nt
398 3114 508 3200 Mysis,
533 3114 634 3198 Syrus
649 3122 705 3180 aut
722 3135 762 3180 ex
779 3115 1001 3181 accidentibus
1017 3122 1051 3180 ut
1066 3116 1186 3181 Lesbia
1203 3117 1291 3182 velut
1313 3117 1439 3182 ebriosa

343 3251 362 3295 a
385 3229 492 3296 Lesbo
515 3230 629 3312 insula,
655 3248 738 3312 quae
761 3230 854 3295 ferox
880 3238 928 3296 est
952 3231 1132 3296 suavissimi
1157 3229 1439 3315 eandidissimique

340 3343 416 3424 vini,
450 3350 506 3408 aut
538 3363 558 3408 a
585 3343 725 3411 moribus
759 3352 792 3410 et
824 3346 1006 3411 vernilitate
1037 3352 1073 3411 ut
1097 3345 1276 3412 Pseudolus
1310 3353 1365 3410 aut
1398 3366 1439 3412 ex

339 3457 469 3539 negotio
494 3463 528 3522 ut
544 3457 718 3544 Chrysalus
741 3464 797 3522 aut
820 3478 862 3523 ex
885 3460 1041 3542 qualitate
1066 3461 1207 3546 eorporis
1223 3468 1259 3525 ut
1275 3460 1440 3546 Thylaeus

340 3578 396 3637 aut
431 3591 471 3636 ex
506 3570 615 3656 specie
650 3572 773 3637 formae
808 3579 842 3638 ut
875 3572 1074 3642 Pinacium“.
1120 3575 1171 3640 De
1205 3575 1307 3657 servis¹
1342 3575 1438 3639 etiam

340 3723 554 3733 ——-—-=-

449 3825 475 3892 l)
495 3823 593 3880 Vitam
623 3825 736 3880 scilieet
763 3827 878 3885 imitati,
908 3827 947 3881 de
975 3843 1036 3896 qua
1057 3827 1152 3882 Varro
1182 3828 1256 3882 del.
1278 3826 1296 3880 l.
1316 3825 1385 3880 VIII
1405 3825 1439 3879 21

341 3921 492 3977 Graecum
512 3928 667 3976 auctorem
688 3931 829 3990 secutus3
858 3938 929 3976 nam
957 3924 1095 3992 tingendi
1114 3925 1192 3977 rati0
1212 3939 1285 3977 vere
1303 3923 1441 3976 Romana

341 4018 492 4088 Marcipor
511 4017 656 4087 Publipor
674 4024 713 4084 (v.
734 4020 856 4084 Quintil.
875 4020 942 4075 inst.
964 4036 1005 4074 or.
1025 4019 1136 4087 11,15)
1156 4020 1249 4074 deest.
1273 4019 1338 4074 Oxd
1360 4018 1436 4072 Mus.

341 4115 434 4168 Rhen.
445 4113 489 4182 59,
509 4131 536 4184 p.
549 4116 600 4169 108
611 4131 674 4185 sqq.
694 4114 834 4171 Ceterum
844 4131 1049 4185 unaquaeque
1069 4131 1130 4169 vox
1150 4116 1190 4169 ad
1208 4131 1317 4170 nomen
1330 4114 1440 4169 servile

341 4219 413 4284 apta
432 4217 485 4280 est,
504 4214 648 4283 Imprimis
667 4214 779 4280 brevis,
807 4227 878 4266 nam
896 4217 951 4266 πᾶ(
970 4213 1106 4280 δεεπὸτη(
1123 4213 1216 4282 δούλῳ
1237 4213 1440 4279 μονοεύλλαβοε
1543 4273 1546 4278 ,

341 4310 485 4378 (Dcnretr.
505 4310 543 4364 de
563 4311 672 4364 elocut.
686 4309 723 4378 7),
743 4325 838 4379 quare
857 4310 907 4363 vel
926 4310 996 4363 ἀλλὰ
1015 4311 1069 4376 μὴν
1084 4308 1218 4364 Diodoro
1233 4309 1331 4364 Crono
1350 4325 1439 4364 servo

341 4406 484 4461 idoneum
516 4407 614 4460 visum
645 4409 690 4460 est
721 4411 797 4460 teste
829 4402 988 4460 Ammonio
1006 4403 1050 4474 88,
1074 4407 1109 4460 18
1139 4405 1374 4473 (Commentario
1404 4407 1435 4458 in

342 4501 532 4557 Aristotelem
553 4518 665 4571 graeca
684 4501 745 4565 IV).
