3375 5192
766 483 945 539 ..76-

306 659 443 742 denique
468 660 555 725 lusus
578 659 722 744 inrepsit,
756 659 841 742 quod
868 661 976 725 nescio
1000 681 1042 724 an
1066 659 1197 725 minoris
1221 658 1300 724 artis
1315 661 1357 725 sit
1367 662 1401 739 ¹).

304 773 425 840 Varro
443 773 582 858 quidem,
608 780 642 839 ut
659 775 743 838 hunc
760 775 861 840 solum
877 794 1060 856 memorem,
1084 774 1265 839 nominibus
1280 772 1402 857 signifi-

305 889 452 953 cantibus
475 909 551 955 usus
574 891 607 954 in
630 890 720 955 libris
744 907 823 971 quos
847 889 975 973 scripsit
992 888 1033 953 de
1057 909 1092 953 re
1115 890 1236 953 rustica
1260 888 1402 954 homines

306 1011 338 1068 et
355 1006 470 1088 quibus
486 1006 584 1071 libros
599 1004 764 1089 inscripsit
788 1003 1003 1084 (Fundanium
1020 1005 1047 1086 l,
1071 1003 1221 1068 Pinnium
1237 1005 1287 1069 ΙΙΙ
1309 1005 1403 1084 libro)
1459 1051 1462 1055 -

304 1125 338 1184 et
359 1140 438 1202 quos
468 1120 685 1202 colloquentes
720 1121 802 1186 iacit
833 1120 1016 1203 (Agrasium
1040 1119 1174 1203 Agrium
1200 1119 1402 1184 Fundanium

305 1234 487 1298 Fundilium
521 1229 684 1300 Stolonem
718 1235 866 1300 Scrofam
882 1236 908 1312 l,
943 1235 1097 1299 Vaccium
1119 1235 1162 1315 ll,
1196 1234 1335 1319 Appium
1357 1270 1401 1280 —

236 1438 241 1446 ι
304 1347 438 1413 sedebat
461 1349 504 1414 ad
527 1348 688 1414 sinistram
707 1343 742 1413 ‘ei
766 1349 890 1413 Merula
913 1356 946 1414 et
962 1350 1061 1430 Pavo,
1086 1348 1128 1414 ad
1153 1348 1299 1413 dextram
1323 1347 1402 1412 Pica

304 1469 336 1527 et
360 1465 475 1528 Passer
500 1500 539 1509 —
566 1463 615 1527 Ill
639 1464 732 1542 libro)
764 1463 976 1544 ‹pepurrdpooc
1010 1464 1188 1528 nominavit
1220 1463 1272 1526 vel
1296 1464 1402 1546 potius

252 1564 254 1566 ¹
305 1597 396 1642 veros
413 1577 556 1643 homines
579 1579 715 1643 nominis
732 1579 831 1662 etymi
849 1598 947 1643 causa
963 1578 1103 1660 elegiti).
1128 1576 1219 1641 Idem
1235 1578 1268 1641 in
1286 1578 1402 1642 saturis

304 1691 481 1777 Menippeis
498 1693 625 1758 nomina
646 1694 692 1757 rei
717 1692 946 1757 accomodasse
970 1691 1105 1774 videtur,
1130 1711 1202 1756 cum
1225 1691 1335 1757 titulos
1357 1693 1402 1757 in-

304 1805 427 1870 veniret
451 1808 561 1889 quales
589 1807 713 1874 Modius
743 1814 871 1874 saturae
904 1827 968 1889 qua
990 1806 1151 1871 modicum
1174 1807 1295 1871 victum
1319 1827 1402 1870 com-

304 1921 434 1986 mendat
458 1922 510 2002 (fr.
532 1923 597 1986 304
610 1943 678 2006 sqq.
708 1921 881 2003 Buech.)³)
905 1922 956 1987 rel
980 1921 1142 2004 Meleager
1165 1921 1296 1986 alterius
1320 1940 1401 2003 quae

304 2042 352 2100 est
377 2035 417 2100 de
441 2039 611 2101 venatione
636 2037 689 2117 (ir.
707 2037 772 2101 203
783 2039 867 2119 sqq.)
892 2039 913 2116 ).

410 2173 440 2234 g.
473 2151 530 2215 llis
553 2152 632 2236 ipsis
655 2151 810 2236 exemplis
834 2152 1042 2216 confirmatur
1069 2152 1265 2216 Romanos
1288 2150 1400 2215 eodem

303 2263 398 2328 modo
422 2285 461 2330 ae
478 2267 619 2331 Graecos
635 2268 796 2331 nominum
820 2267 902 2332 lusui
918 2267 1099 2331 indulsisse.
1146 2267 1307 2330 Plautus
1323 2284 1401 2330 sane

304 2399 399 2460 quam
423 2379 584 2444 nominum
608 2387 708 2444 artem
732 2401 811 2466 prae
834 2402 869 2446 se
892 2382 956 2446 iert
972 2402 1042 2446 eam
1060 2403 1080 2445 a
1096 2378 1401 2445 Graecacomoedia
1514 2441 1520 2451 ,

303 2493 443 2578 suscepit
467 2495 523 2574 (ci.
549 2495 722 2577 Schmidt),
758 2497 818 2560 etsi
852 2496 957 2560 forma
986 2517 1049 2560 non
1072 2516 1107 2560 re
1131 2494 1227 2578 paulo
1262 2494 1399 2558 alienam

303 2611 346 2688 (v.
380 2609 464 2673 infra
486 2630 518 2694 p.
535 2611 602 2690 90).
651 2610 693 2675 At
728 2612 871 2675 carmina
903 2610 1115 2695 epigraphica
1146 2610 1248 2674 letina
1280 2610 1409 2694 pariter.

302 2744 341 2787 ac
373 2744 492 2806 graeca
520 2726 711 2798 ¹nominibus
740 2725 855 2790 ludunt
887 2726 974 2792 velut
997 2727 1062 2790 llo
1086 2723 1205 2789 Buech.
1245 2725 1400 2802 „Nomine

409 2998 436 3064 l)
455 2998 555 3052 Hirzel
574 2999 591 3051 l.
605 2999 622 3051 l.
643 3015 670 3068 p.
684 2999 736 3053 559
758 2999 812 3067 ,Es
832 3000 915 3068 zeigt
933 2999 993 3053 den
1007 2998 1119 3052 Vertall
1138 2998 1221 3052 einer
1234 2996 1334 3049 Kunst
1351 3010 1399 3061 an,

301 3109 389 3148 wenn
409 3095 453 3148 sie
472 3096 609 3165 anfangt,
638 3096 706 3150 dem
725 3095 915 3151 Nebenwerlr
946 3097 1014 3151 eine
1042 3109 1197 3164 groessere
1217 3093 1400 3159 Bedeutung

301 3189 480 3259 beizulegen
500 3193 544 3244 als
564 3191 624 3244 ihm
644 3190 825 3260 zukommt“.

407 3287 435 3351 2)
456 3285 498 3341 Cf.
512 3286 692 3350 Schleicher,
711 3288 924 3343 Meletematon
939 3271 1194 3343 Varronianorum
1215 3287 1369 3356 specimen
1378 3285 1399 3337 l.

301 3382 427 3436 Bonnae
448 3383 516 3436 1846
544 3385 575 3437 et
603 3383 705 3437 Hirnei
724 3384 742 3436 l.
761 3384 779 3437 l.
803 3401 831 3453 p.
850 3383 987 3454 bblsqq,
1016 3385 1161 3454 imprimis
1192 3401 1220 3452 p.
1240 3383 1294 3437 560
1331 3380 1400 3449 ,Als

301 3479 468 3533 Komoedie
487 3481 527 3534 im
547 3479 660 3549 Dialog
678 3481 801 3536 werden
833 3482 887 3534 wir
918 3483 1012 3536 daher
1033 3482 1143 3536 Varros
1164 3481 1331 3534 Verfahren
1350 3479 1400 3531 be·

302 3575 474 3630 zeichnen“.

407 3673 435 3739 3)
455 3672 499 3728 Cf.
518 3674 550 3726 Ε.
569 3673 701 3743 Norden,
729 3675 764 3729 In
782 3675 926 3730 Varronis
954 3681 1074 3730 saturas
1093 3676 1270 3744 Menippeas
1299 3673 1399 3727 obser·

301 3770 440 3824 vationes
460 3769 599 3839 selectae,
617 3770 717 3825 Fleck.
736 3772 839 3828 Jahrb.
859 3774 902 3839 27,
923 3774 1044 3842 Lipsiae
1066 3773 1133 3826 1901
1154 3789 1182 3841 p.
1192 3771 1246 3825 272
1256 3787 1299 3839 sq.

407 3865 435 3930 4)
455 3863 595 3920 Similiter
622 3868 794 3923 nominibus
821 3885 860 3924 ex
888 3885 990 3924 rerum
1020 3870 1165 3923 memoria
1192 3872 1246 3921 aut
1276 3867 1400 3919 historia

300 3962 433 4016 tabulari
452 3963 529 4016 notis
549 3964 579 4015 in
601 3963 771 4032 duplicibus
790 3965 825 4020 lo
832 3965 1205 4035 gistoricorumtitulis
1219 3965 1268 4030 (cf.
1276 3962 1399 4017 Norden

300 4060 317 4113 l.
338 4059 355 4112 l.
375 4076 402 4128 p.
413 4059 465 4111 276
476 4061 530 4127 sq.)
558 4074 632 4112 usus
661 4065 705 4114 est
732 4063 818 4114 velut
835 4061 949 4115 Marius
978 4064 1017 4116 de
1044 4064 1177 4126 fortuna,
1206 4060 1327 4114 Orestes
1362 4058 1399 4112 de

300 4156 428 4210 insania.
466 4155 548 4208 Idem
577 4154 659 4209 valet
687 4156 724 4209 de
745 4155 897 4211 Ciceronis
926 4159 1057 4227 dialogis
1077 4157 1150 4212 Cato
1177 4158 1214 4210 de
1233 4161 1399 4220 senectute,

301 4251 423 4306 Laelius
451 4250 489 4302 de
518 4251 650 4304 amicitia
677 4251 717 4317 (v.
736 4251 838 4306 Hirzel
857 4254 875 4306 l.
894 4254 912 4307 l.
941 4271 969 4323 p.
988 4254 1062 4319 544).
1110 4253 1198 4317 Quod
1228 4267 1301 4306 vero
1331 4265 1399 4318 pro-

302 4349 460 4418 trepticum
481 4361 569 4400 suum
588 4347 740 4416 inscripsit
758 4347 961 4417 Hortensium,
980 4366 1019 4404 ne
1033 4365 1051 4402 a
1064 4350 1180 4404 laribus
1193 4349 1316 4418 quidem
1329 4363 1399 4402 eum

301 4445 483 4499 abstinuisse
505 4442 643 4497 ostendit.
