3375 5192
773 510 949 584 ,ἅμμα

313 685 426 782 Χρυςίς
463 701 649 783 Χρυςογόνη
692 704 837 783 Μυρρίνη
875 703 1029 782 Μυρτάλη
1065 703 1193 781 Ῥοδίνη
1227 698 1412 768 Ῥοδόκλεια

282 893 287 907 .
311 816 450 896 Ῥοδόπη
479 817 601 896 Καλύκη
620 818 764 898 Λειμώνη
779 855 819 864 -
832 817 963 883 Ἄνθεια
980 817 1174 899 Ἀνθοκόμης
1191 818 1345 884 Φυλλίων
1368 855 1413 865 -

314 931 495 1012 Χαρίδημος
520 931 677 1011 Χαρικλῆς
703 932 864 1011 Χαρμίδη(
883 932 1029 1011 Χαρίςιος
1058 932 1234 1012 Νικοχάρης
1259 969 1301 979 -
1326 934 1411 1012 Πυρ-

313 1047 381 1123 ρίας
406 1046 560 1113 Χλοάζων
576 1083 616 1091 -——
636 1046 785 1124 Τερψίων
810 1046 970 1124 Τερψιθέα
994 1047 1147 1125 Θελξινόη
1177 1073 1220 1092 ¹-
1247 1047 1410 1125 Καλλιόπη

314 1160 499 1238 Καλλυςοίτη
542 1197 581 1205 -
628 1159 790 1240 Εύμουςος
834 1196 872 1205 -
911 1160 1147 1239 Μειρακιοφίλη
1196 1162 1331 1240 Κορίννη
1367 1197 1410 1207 -

313 1273 425 1338 Λύκων
441 1274 602 1352 Φορμίων,
643 1273 880 1338 Comoedias
904 1275 994 1338 euius
1009 1274 1193 1339 memoriam
1219 1274 1283 1338 duo
1300 1275 1412 1339 ultima

312 1390 455 1452 enritant
466 1409 570 1472 paura
586 1387 752 1471 debemur,
769 1395 876 1452 tumen
890 1387 966 1452 inde
982 1388 1137 1470 originem
1150 1387 1270 1453 duount
1282 1390 1412 1453 nomina

312 1503 493 1568 nroretrieia
519 1504 656 1582 Γλυκέρα
680 1503 757 1567 Θαίς
774 1503 850 1566 Λαϊς
874 1502 949 1567 alia.
997 1502 1063 1568 Sed
1087 1523 1127 1568 ne
1151 1503 1232 1568 haee
1249 1502 1377 1585 quidem
1391 1524 1412 1566 a

312 1617 478 1685 comoedia
502 1617 572 1702 ipsa
602 1619 703 1701 petita
738 1624 820 1698 suut,
858 1619 954 1683 immo
989 1617 1411 1714 mediis-intersedentibus

218 1756 221 1764 ·
312 1732 504 1816 sophistis
544 1733 690 1796 ueteris
725 1739 757 1796 ot
793 1753 832 1797 ea
868 1743 900 1796 ot
938 1733 1002 1796 alia
1027 1733 1115 1798 volut
1138 1734 1262 1813 Δελφίς
1302 1733 1411 1811 Δωρίς
1518 1733 1522 1740 ’

314 1846 499 1926 Εύφρόνιον
524 1846 664 1910 Μέλιττα
681 1845 892 1925 Μελιςςάριον
908 1847 1038 1925 Πετάλη
1055 1847 1198 1912 Φιλαινὶς
1215 1848 1411 1926 Φιλημάτιον

316 1962 427 2040 Κοχλίς
452 1961 639 2025 Χελιδόνιον
670 1999 712 2006 -
737 1961 910 2039 Ἀταλάντη
931 1961 1083 2026 Γαλάτεια
1100 1962 1192 2026 Θέτις
1216 1962 1410 2039 Μελπομένη

316 2075 430 2154 Πιερία
454 2113 497 2119 -
521 2075 706 2154 Μουςάριον
726 2076 886 2154 Ἀμπελίς.

419 2191 450 2256 2.
486 2189 750 2273 Aloiphronis
785 2209 862 2254 vero
895 2188 1024 2254 nomina
1058 2211 1121 2255 uon
1159 2191 1205 2254 ita
1233 2189 1331 2255 iaeile
1364 2198 1412 2256 est

313 2301 491 2386 disponere,
530 2303 643 2384 quibus
672 2301 755 2384 quod
788 2302 870 2367 ludit
898 2324 961 2367 non
985 2311 1035 2369 est
1059 2310 1290 2386 argumentum,
1328 2303 1413 2368 unde

313 2418 482 2499 quiequam
507 2415 548 2480 de
572 2416 662 2481 fonte
686 2424 741 2481 aut
765 2417 943 2481 imitatione
970 2424 1134 2500 sequatur.
1181 2418 1246 2483 Sed
1269 2439 1413 2483 seoerna·

274 2606 278 2614 Ι
313 2552 382 2594 nnrs
405 2550 534 2615 genera.

419 2667 449 2710 a.
485 2645 688 2710 Piscatori
699 2667 805 2710 orum
830 2647 978 2731 exempla
995 2653 1084 2711 eerta
1100 2646 1177 2711 alibi
1192 2668 1255 2713 non
1273 2655 1411 2714 exstant.

243 2760 248 2768 '
314 2761 540 2846 Aleiphronem
565 2761 653 2826 libris
686 2781 804 2845 eorum,
846 2763 900 2844 qui
934 2748 1030 2827 antea
1053 2761 1094 2826 de
1119 2762 1233 2827 eadem
1257 2784 1291 2828 re
1314 2763 1413 2847 serip-

313 2878 458 2958 serunt),
472 2896 561 2940 usum
573 2895 642 2942 esse
653 2878 808 2961 suspicari
819 2875 1124 2960 lieet‚domonstrari
1135 2879 1253 2959 nequit.
1272 2877 1411 2962 Oppiani

314 3011 385 3054 oum
410 2989 589 3055 halieutiois
614 3011 696 3072 quae
720 2998 909 3073 congruunt,
944 3011 1001 3055 suo
1025 2991 1096 3054 loeo
1118 2991 1301 3056 notavimus
1323 2996 1367 3075 (p.
1382 2994 1409 3056 ἵ,

314 3105 344 3169 8.
374 3107 437 3184 11).
485 3105 563 3170 Cum
602 3107 696 3189 epioa
728 3104 784 3168 ilia
822 3104 941 3169 fuerint
979 3106 1132 3187 earmina,
1174 3104 1260 3169 haud
1299 3107 1412 3168 mirum

313 3217 399 3300 quod
423 3218 523 3282 adid
556 3239 657 3302 genus
687 3220 929 3303 piseatoriorum
968 3218 1068 3283 multa
1103 3219 1181 3282 tiota
1215 3225 1290 3283 sumt
1325 3220 1412 3283 velut

312 3331 497 3397 Ἁλίκτυπος
523 3333 664 3411 Κυμόθος
681 3331 839 3415 Εύπλοος,
863 3351 968 3412 neque
991 3332 1088 3412 igitur
1105 3331 1192 3396 casui
1210 3331 1412 3395 tribuendum

314 3446 441 3512 videtur
465 3445 550 3527 quod
573 3445 734 3509 simillima
750 3453 824 3510 sunt
840 3446 1023 3509 Phaeacum
1039 3446 1219 3510 nominibus
1235 3445 1411 3529 Odysseae.

314 3561 396 3638 Quin
412 3559 616 3643 Aleiphronis
632 3559 818 3639 Πρυμναῑος
843 3561 897 3622 vix
913 3559 1110 3641 intellegitur
1135 3559 1195 3624 nisi
1220 3559 1413 3643 comparatis

313 3674 398 3739 iliius
432 3672 601 3751 Πρυμνεύς
631 3680 663 3736 et
686 3673 840 3751 Πρωρεύς
877 3693 1008 3754 quorum
1044 3673 1177 3737 alterum
1213 3674 1305 3737 alteri
1340 3694 1414 3758 sup·

314 3787 431 3873 piendo
455 3795 514 3852 est.
549 3788 659 3852 Puuea
683 3786 800 3852 deinde
824 3786 1032 3871 anthologiae
1056 3808 1132 3852 usus
1155 3789 1293 3870 vestigia
1316 3807 1413 3873 supra

314 3926 344 3989 p.
367 3905 396 3968 t.
424 3904 539 3967 11.12
574 3902 741 3968 statuimus
774 3923 834 3968 nee
868 3909 973 3967 tamen
1006 3903 1129 3985 gravia.
1183 3903 1296 3984 Neque
1328 3904 1412 3967 enim

314 4017 546 4104 epigrammata
585 4037 688 4099 neque
726 4017 900 4083 halieutica
935 4016 1023 4081 aliud
1063 4017 1248 4100 Aloiphroni
1289 4039 1328 4080 ao
1363 4038 1413 4082 res

422 4296 448 4362 l)
468 4295 531 4347 Iam
552 4293 573 4346 Ι.
595 4311 620 4347 a.
640 4293 706 4348 Chr.
733 4310 762 4346 n.
791 4294 912 4348 saeculo
941 4295 1034 4348 Dorio
1064 4297 1127 4360 περὶ
1155 4295 1261 4358 ἰχθύων
1286 4295 1414 4362 scripsit,

314 4393 531 4461 imperatorum
560 4391 746 4460 temporibus
773 4391 963 4444 Metrodorus
992 4393 1022 4444 et
1041 4389 1252 4444 Demostratus
1281 4393 1311 4443 et
1339 4405 1414 4459 quos

313 4484 423 4538 Athen.
443 4485 456 4537 Ι
476 4502 503 4554 p.
523 4485 587 4538 13ss
608 4491 828 4540 commemorat.
