3375 5192
740 517 917 574 ..73-

284 691 441 770 (ταμνίου
466 690 509 756 id.
534 693 576 760 ib.
624 691 779 757 Similiter
801 697 904 757 mater
926 691 1085 756 invenitur
1108 694 1260 770 ετροῡθο(
1285 689 1376 756 Oleu-

279 813 360 870 crilo
396 807 450 870 Ar.
480 807 539 871 Αν.
563 807 625 872 877
664 807 877 892 ία1.8ρίιοί.),
912 807 1081 884 Πλευρῑτιε
1117 811 1201 887 (ααιιι
1226 806 1376 890 Εὐαγόρᾳ

278 921 382 1006 patre)
419 921 567 986 Cinesiae
595 921 718 986 Platon.
746 922 777 985 ll
805 921 870 986 679
897 923 953 1001 (2).
1001 921 1072 986 Hoc
1100 921 1169 986 loco
1199 926 1234 985 ut
1257 921 1375 985 infiniti

278 1054 390 1100 sensus
406 1056 468 1100 vox
486 1057 623 1120 persona
640 1037 729 1102 facta
746 1043 794 1101 est
810 1056 852 1101 ex
869 1034 1056 1101 comoediae
1078 1055 1165 1100 more
1188 1036 1375 1120 saepissime

277 1150 614 1234 persenilicetionibus
638 1170 719 1233 qnae
747 1150 896 1216 dicuntur
919 1171 1006 1232 usae,
1042 1151 1089 1215 ita
1110 1152 1142 1214 in
1166 1150 1284 1216 fabulis
1307 1151 1374 1214 Ari·
1408 1180 1412 1186 ·

278 1265 465 1349 stophaneis
498 1265 530 1330 in
564 1286 712 1332 scaenam
749 1266 909 1351 prodeunt
937 1268 969 1330 in
994 1267 1079 1331 Pace
1103 1266 1220 1345 Εἰρήνη
1244 1264 1375 1345 Ὀπώρα

278 1380 413 1462 Θεωρία,
438 1382 470 1444 in
484 1380 666 1466 Lysistrnta
677 1382 857 1461 Διαλλαγή.
881 1380 1010 1446 Similes
1023 1387 1173 1465 parentes
1188 1387 1374 1445 occurrunt:

277 1495 389 1559 νυκτόε
425 1500 500 1560 παῖε
524 1495 714 1580 Obaerophn
739 1496 923 1560 Socraticus
958 1495 1050 1577 quasi
1083 1495 1135 1559 fur
1158 1494 1322 1580 Aristcpb.
1341 1496 1370 1558 Il

279 1609 364 1673 1175
381 1610 450 1689 (15)
467 1610 508 1674 ef.
529 1611 614 1675 1062
631 1610 678 1690 (6)
695 1608 812 1674 dicitur
829 1615 861 1674 et
877 1608 1053 1675 secundnm
1071 1607 1190 1673 Oratio.
1207 1610 1237 1673 ll
1253 1611 1313 1674 147
1327 1611 1373 1689 (3)

276 1723 378 1787 ετὰειτ
403 1725 438 1788 δὲ
462 1725 512 1789 καὶ
536 1726 748 1805 πρεεβυγενὴ(
770 1726 891 1803 Κρόνοε
908 1724 1071 1802 <illiricum
1088 1725 1213 1802 μιγέντε
1229 1725 1374 1803 μέγιετον

277 1839 419 1904 τίκτετον
442 1838 602 1919 τύραννον
626 1840 793 1924 Periclem,
824 1841 875 1904 cni
900 1838 1075 1904 seeundum
1100 1837 1234 1904 eundern
1260 1839 1302 1903 ib.
1328 1841 1374 1918 (4)

279 1951 448 2019 Ἀεπατίαν
471 1956 566 2020 τίκτει
592 1954 838 2034 Καταπυγοειίνη
853 1958 887 2035 1).
935 1955 1007 2020 Non
1030 1953 1166 2038 impedit
1190 1951 1274 2034 quod
1298 1974 1373 2018 non-

276 2088 447 2150 numquam
472 2071 569 2135 etiam
594 2069 801 2135 differentiae
825 2067 1038 2149 intercedunt,
1070 2087 1110 2132 ex
1135 2066 1279 2133 Perdicis
1303 2067 1372 2131 lilio

275 2185 337 2247 non
361 2183 548 2249 Perdicides
571 2183 629 2250 sed
652 2185 755 2268 ipsum
780 2182 899 2248 Perdix
923 2203 1037 2247 nomen
1060 2183 1227 2267 personale
1250 2182 1371 2247 fartum

276 2305 325 2362 est
349 2298 417 2383 (Sp.
436 2320 467 2383 p.
481 2299 537 2379 62)
571 2305 603 2364 et
627 2299 813 2364 Acestnrem
845 2297 1014 2381 tragicum,
1049 2297 1099 2362 cni
1124 2297 1323 2381 l'beopomp.
1341 2298 1372 2360 Il

220 2437 224 2442 ·
275 2413 340 2476 815
357 2415 403 2492 (1)
440 2413 544 2479 (άκαν
576 2419 699 2498 patrem
734 2414 853 2494 tribuit,
887 2413 994 2478 Schol.
1023 2413 1077 2477 Ar.
1106 2413 1202 2496 Vesp.
1231 2411 1316 2475 1216
1341 2418 1374 2474 et

275 2529 336 2592 Αν.
354 2528 392 2592 31
421 2527 533 2593 eodem
562 2529 749 2612 cognomine
785 2527 959 2612 appellant.
1006 2528 1128 2591 Tamen
1164 2526 1197 2590 iu
1224 2527 1278 2591 illo
1314 2545 1372 2591 usu

275 2642 394 2706 lentem
421 2644 711 2728 patronymicorum
737 2642 866 2708 ludibrii
891 2644 941 2710 vel
966 2641 1102 2707 convicii
1128 2661 1225 2706 eausa
1248 2639 1372 2705 adbibi-

275 2759 377 2819 torum
408 2775 561 2837 quaerere
599 2757 675 2821 licct
704 2757 790 2821 velut
819 2754 1129 2820 Batrachomacliiae
1155 2755 1370 2833 Κραυγατίδοιι

276 2871 340 2934 243
366 2880 397 2933 ct
421 2869 581 2950 Ὠκιμίδου
606 2872 672 2934 214
703 2908 745 2916 —
769 2870 908 2954 duplicis
932 2870 1047 2936 coloris
1071 2874 1102 2933 et
1127 2869 1210 2953 epici
1235 2874 1267 2932 et
1291 2867 1370 2931 ludi·

275 2984 372 3048 bundi
402 2984 483 3049 bene
512 2985 702 3069 participum
732 3022 775 3030 ---
803 2983 1054 3066 comoediaeque
1077 2982 1369 3062 Ἀποδραειττττίδου

273 3099 326 3161 Ar.
346 3099 441 3182 Vesp.
461 3099 524 3163 185
553 3100 603 3163 vel
622 3100 787 3163 Βαθίπποιι
812 3098 1039 3178 Ἑραεμονίδου
1065 3097 1323 3176 Cratinum(
1348 3098 1370 3177 )‚

274 3213 359 3294 quod
393 3214 574 3278 ἐπιθετικιίιε
608 3213 882 3298 interpretandum
918 3233 988 3278 esse
1020 3213 1084 3276 iam
1107 3210 1255 3276 Meineke
1288 3209 1370 3275 vidit

273 3326 1369 3411 PlautinisBumbomachideClutomistaridisarebidecomparatis2).

272 3454 485 3462 ἡ*

381 3507 406 3574 1)
429 3507 522 3560 Extra
550 3507 650 3560 iocum
670 3505 745 3560 Plat.
768 3506 871 3576 Symp.
892 3523 919 3575 p.
932 3506 983 3559 199
997 3505 1141 3560 0-20413
1162 3507 1254 3571 ἔρωτα
1273 3502 1370 3556 πενία(

273 3607 317 3657 καὶ
336 3605 427 3669 πόρον
441 3603 536 3656 lilium
556 3604 653 3672 lingit.

378 3699 407 3766 2)
428 3699 506 3752 Huic
525 3701 594 3752 usui
622 3699 788 3752 simillimus
816 3701 863 3752 est
890 3698 966 3752 alter
992 3697 1108 3751 locum
1129 3696 1275 3765 fingendi,
1308 3710 1369 3764 qna

271 3797 302 3849 in
316 3812 348 3850 re
363 3795 563 3848 discernenda
578 3800 647 3848 sunt
661 3810 734 3848 vern
748 3795 892 3863 imprimis
906 3794 1103 3846 barbarorum
1118 3795 1185 3846 loca
1198 3809 1235 3845 ex
1250 3791 1368 3845 Graeca

271 3893 378 3962 lingua
397 3891 571 3945 ioculariter
596 3890 756 3960 explicata,
786 3890 822 3942 cf.
842 3888 950 3943 Grasb.
969 3889 1089 3943 Nachtr.
1110 3907 1137 3958 p.
1156 3889 1216 3955 310,
1237 3889 1369 3955 itemque

275 4004 349 4042 vera
374 3988 441 4041 loca
470 3985 598 4055 Graeca,
627 4002 753 4055 qnorum
774 3986 880 4039 incolis
905 3991 988 4039 certa
1020 3986 1093 4038 vitia
1121 3985 1243 4054 propria
1271 3984 1366 4052 vulgo

273 4085 471 4149 habebantur,
493 4083 531 4135 cf.
551 4082 658 4137 Grasb.
680 4099 706 4152 ρ.
726 4083 760 4137 55
771 4099 835 4151 sqq.
855 4081 975 4136 Nachtr.
995 4099 1023 4151 p.
1037 4082 1138 4136 313et
1156 4082 1209 4135 318
1228 4080 1368 4148 (Marcelle

270 4179 381 4235 blcibcn
393 4177 538 4246 dbripcns
556 4178 720 4248 pleicbsam
739 4196 780 4233 αιι
799 4177 896 4234 circem
911 4177 1106 4249 Grenzpebict
1120 4179 1234 4248 hasten,
1248 4196 1280 4233 so
1293 4180 1366 4232 (lass

270 4293 300 4330 es
319 4275 503 4345 arneifelbaft
522 4275 680 4342 erscbcc'nt,
699 4277 734 4330 ob
754 4276 797 4330 sie
816 4274 859 4330 im
878 4278 970 4345 poten
990 4277 1064 4330 oder
1081 4273 1258 4330 scutimmen
1270 4273 1366 4329 Sicine

270 4391 307 4428 zu
326 4374 435 4426 dentem
454 4369 536 4436 sind)
557 4387 592 4426 ac
611 4389 673 4426 non
691 4374 813 4426 minima
833 4389 903 4441 pars
923 4374 1145 4442 cognominum,
1174 4386 1254 4440 quae
1273 4371 1366 4425 ethni-

271 4485 373 4524 corum
402 4470 527 4522 sormam
557 4469 670 4523 babent
701 4471 787 4523 velut
814 4471 959 4536 Κεχηναῑοι
987 4486 1041 4539 pro
1060 4467 1295 4524 Atheniensibus
1313 4465 1365 4522 Ar.
