3375 5192
760 483 935 547 —sl-

298 665 384 734 latus
407 668 459 745 sit,
485 667 594 734 dubito
620 674 731 734 contra
755 686 794 732 ea
819 687 901 750 quae
925 666 1027 733 Reich
1052 687 1082 751 p.
1100 667 1220 749 46sqq.
1250 665 1291 731 de
1314 666 1398 732 Aloi-

298 783 420 867 phrone
455 783 559 868 Longi
593 784 753 847 imitatore
789 782 932 867 protulit.
980 783 1150 847 Nominum
1186 801 1266 863 quas
1300 782 1399 846 affert

299 896 523 962 similitudines
549 897 641 975 Νάπη
665 897 785 980 Longi:
812 897 956 960 Ναπαῑο(
973 896 1115 977 Erinden,
1149 895 1399 975 ΔρύαιεΔρυά-

300 1015 356 1088 δη(
400 1010 620 1093 Δρυαντίδαι,
659 1009 1050 1092 ἈγέληεἈγελαρχίδηε,
1084 1009 1232 1074 Ἵππαεοε
1270 1009 1399 1075 Γνάθων

300 1124 468 1202 Μεγακλῆ(
484 1125 685 1202 Φιλοποίμην
709 1123 793 1208 apud
820 1132 998 1206 utrumque,
1023 1124 1062 1190 iis
1084 1145 1148 1189 non
1171 1125 1303 1189 multum
1327 1146 1398 1210 pro·

300 1239 394 1303 batur
416 1258 476 1303 nee
499 1239 666 1303 sufficiunt
682 1239 925 1321 loci'utriusque
949 1239 1099 1304 simillimi
1116 1276 1158 1286 -
1176 1260 1306 1321 quorum
1323 1260 1399 1325 pars

267 1330 269 1334 ¹
300 1353 377 1416 nihil
416 1352 614 1418 demonstrat
629 1356 653 1434 ¹)
693 1391 746 1430 —,
791 1359 825 1419 ut
861 1353 936 1418 inde
977 1360 1048 1418 uter
1075 1355 1208 1419 alterum
1248 1361 1399 1436 sequatur

301 1465 528 1533 discernamus.
575 1469 624 1532 Ae
646 1466 731 1550 quod
748 1467 849 1533 Reielr
867 1474 932 1532 tam
949 1469 1057 1551 magni
1073 1468 1154 1533 facit
1170 1468 1397 1553 Aleiphronem

301 1580 472 1664 longiores,
504 1581 649 1664 Longum
674 1580 883 1665 simpliciores
907 1582 1067 1646 nominum
1091 1583 1247 1666 praebere
1280 1583 1399 1648 formas

299 1698 343 1779 (p.
360 1696 428 1775 51),
468 1693 528 1759 hoe
564 1695 696 1760 multum
725 1694 832 1760 valere
858 1715 940 1779 nego
964 1698 1146 1762 accuratius
1169 1698 1303 1780 singulis
1327 1717 1399 1762 con·
1471 1738 1477 1741 -
1520 1736 1523 1740 -

300 1809 449 1875 sideratis
465 1813 496 1889 2).
546 1810 677 1889 Ἀγέλην
702 1816 798 1892 atque
822 1809 1049 1891 Ἀγελιιρχίδην
1073 1810 1245 1877 cohaerere
1268 1831 1400 1877 neeesse

300 1945 364 1989 non
388 1932 437 1990 ost
461 1925 511 1990 vel
535 1925 562 1991 si
580 1925 626 1989 ita
642 1926 820 2008 statuimus,
846 1923 978 2004 Ἀγέλην
995 1925 1094 1990 multo
1111 1926 1203 2010 peius
1219 1946 1259 1991 ex
1276 1927 1400 2011 aptiore

300 2041 505 2122 Ἀγελαρχίδῃ
533 2043 573 2134 (a
597 2047 739 2120 munere)
770 2041 949 2105 breviatum
974 2060 1043 2106 esse
1067 2040 1306 2105 eoncedendum
1340 2046 1399 2105 est.

301 2156 391 2220 Idem
408 2155 494 2221 valet
510 2154 550 2219 de
564 2155 656 2233 Νάπη
668 2154 913 2236 :Nouoioc‚·hoc
926 2156 989 2219 iam
1007 2163 1076 2220 erat
1092 2175 1206 2220 nomen
1223 2154 1399 2239 personale,

301 2269 436 2334 forsitan
462 2270 557 2333 etiam
576 2267 737 2333 Εὺνάπιο(
762 2267 792 2347 (?
810 2289 838 2333 v.
857 2289 889 2352 p.
906 2269 959 2348 18)
983 2245 1056 2333 nee
1067 2275 1172 2335 tamen
1197 2289 1215 2333 e
1239 2269 1399 2333 contrario

302 2385 447 2466 Longum
458 2382 650 2458 imitatorem
662 2382 769 2446 faeere
780 2381 867 2464 lieet,
886 2382 936 2446 eui
949 2403 1012 2446 non
1025 2383 1066 2446 ab
1077 2383 1212 2466 Napaeo
1225 2389 1257 2447 et.
1267 2383 1400 2468 Eunape

302 2519 416 2564 nomen
452 2495 664 2562 derivandum
687 2502 757 2561 erat
792 2503 888 2561 antea
921 2502 1042 2561 notum.
1089 2496 1301 2580 Dryantidem
1337 2497 1400 2561 iam

302 2613 438 2678 Ovidius
464 2612 571 2694 finxit,
596 2610 761 2695 Dryadem
786 2611 893 2696 potius
910 2633 929 2676 a
945 2610 1072 2690 Δρυάδι
1097 2612 1238 2696 nympha
1262 2632 1357 2694 quam
1380 2633 1400 2676 a

302 2728 407 2811 Longi
445 2725 589 2806 Δρύαντι
628 2725 856 2809 Aleiplnonem
896 2726 1033 2791 traxisse
1071 2732 1194 2811 putem:
1234 2727 1400 2791 restantd

302 2843 431 2907 nomina
455 2842 549 2925 plane
566 2840 808 2922 consentientia,
832 2838 891 2904 sed
915 2860 954 2904 ne
971 2839 1021 2904 his
1037 2839 1164 2922 quidem
1185 2841 1249 2904 ulla
1265 2841 1401 2905 imitatio

303 2956 470 3022 evincitur.
518 2956 568 3020 De
603 2976 726 3020 summa
756 2975 833 3039 ergo
858 2955 1026 3021 Reiehium
1061 2958 1151 3038 sequi
1187 2977 1322 3039 nequeo,
1356 2956 1400 3020 cf.

302 3070 417 3135 Rolrde
442 3072 481 3134 D.
499 3070 652 3152 genem.
677 3091 708 3153 p.
719 3071 785 3133 502
810 3068 884 3133 adn.
902 3070 954 3133 3a
977 3077 1010 3134 et
1026 3090 1109 3152 quae
1125 3069 1167 3135 de
1191 3072 1257 3135 vita
1280 3069 1401 3135 rustica

303 3186 336 3248 in
360 3183 475 3248 litteris
499 3182 633 3248 Graecis
657 3182 820 3266 descripta
843 3181 918 3246 inde
942 3203 962 3246 a
985 3202 1016 3266 p.
1041 3183 1107 3246 504
1130 3184 1272 3267 exponit.

410 3317 438 3360 e.
463 3296 750 3361 Amatoriorum
775 3296 881 3362 fontes
906 3297 955 3360 vel
979 3297 1136 3382 suspicari
1165 3317 1216 3362 res
1240 3301 1288 3361 est
1312 3294 1399 3359 dubi-

303 3411 417 3476 tationi
442 3410 590 3475 obnoxia.
638 3410 805 3474 Reichium
829 3431 907 3475 sane
931 3412 958 3476 si
982 3412 1142 3494 sequimur
1166 3414 1207 3488 (e.
1224 3411 1240 3473 I
1256 3408 1400 3493 §3-5),

304 3526 474 3590 Luciano
510 3523 663 3608 Aleiphro
696 3523 832 3609 plurima
868 3524 975 3604 debet,
1008 3546 1071 3590 non
1107 3525 1208 3593 solum
1244 3524 1400 3589 amatoria

305 3640 442 3722 nomina,
466 3638 523 3704 sed
542 3638 669 3703 omnino
686 3637 901 3722 compluribus
920 3637 999 3702 locis
1009 3636 1167 3703 rhetorem
1181 3642 1288 3702 aetate
1305 3636 1401 3721 paulo

243 3767 245 3773 ’
304 3754 456 3818 maiorem
474 3753 617 3818 imitatus
632 3758 690 3835 cst,
708 3752 863 3835 imprimis
874 3752 981 3837 epllI
993 3753 1030 3815 19
1049 3751 1309 3836 philosophorum
1330 3772 1401 3820 eon·

304 3869 401 3950 rivio,
420 3887 502 3950 quae
521 3865 660 3932 traditur
676 3867 759 3931 inter
773 3866 975 3950 parasiticas.
1000 3863 1064 3928 Sed
1078 3884 1181 3946 neque
1194 3863 1235 3929 de
1251 3871 1402 3947 quattuor

304 4011 517 4020 ....--..—-----

412 4095 439 4164 1)
459 4093 538 4150 Satis
557 4098 665 4151 mirum
685 4096 775 4149 etiam
795 4095 861 4148 eius
880 4092 1119 4162 deAleiphronis
1133 4093 1295 4162 Longique
1308 4094 1402 4148 scien·

304 4195 346 4248 tia
366 4195 479 4247 rustica
498 4193 642 4246 iudicium
662 4208 690 4262 p.
709 4193 745 4246 52
754 4207 818 4261 sqq.

412 4291 440 4355 2)
468 4289 575 4358 Neque
604 4291 726 4343 omnino
754 4304 791 4342 ex
822 4289 943 4341 nomine
972 4288 1110 4341 breviato
1141 4287 1189 4340 vel
1217 4286 1401 4354 amplificato

306 4386 343 4440 de
362 4387 514 4442 imitatore
533 4385 671 4442 concludi
691 4401 780 4455 posse
799 4390 925 4439 constat.
962 4383 1153 4452 Alciplrronis
1184 4383 1306 4448 Μεριδᾶ(
1337 4385 1401 4434 sine

305 4481 398 4535 dubio
419 4481 587 4534 derivatum
608 4486 709 4534 estex
730 4479 1016 4534 Batrachomachiae
1036 4479 1223 4544 Μεριδάρπαξ.
