3375 5192
647 473 890 570 ſser-

256 693 402 758 Mimusl
427 714 457 777 p.
475 693 541 757 429
574 692 649 757 adn.
666 692 781 756 XXIII
818 692 953 756 alterum
977 711 997 755 a
1020 690 1210 756 Philistiona
1245 691 1353 756 mimo·

258 806 392 890 grapho,
429 806 562 872 alterum
593 805 797 872 aSannione
833 825 970 890 persona
1005 806 1134 870 mimica
1167 805 1297 884 (εὰνναι
1315 835 1349 860 =

257 920 377 1002 porpo'c)
401 920 597 986 derivantur.
644 919 711 985 Sed
735 921 787 1002 qui
823 940 931 985 eorum
970 940 1053 1002 quae
1088 918 1130 984 de
1165 919 1354 1006 Lexiphane

259 1044 291 1101 et
308 1035 477 1120 Licymuio
493 1034 734 1100 observavimus
758 1035 947 1118 meminerit,
972 1035 1079 1118 potius
1095 1034 1137 1098 de
1153 1034 1354 1118 Sanuyrione

257 1149 444 1214 comoediae
472 1148 601 1214 Atticae
636 1149 788 1232 antiquae
823 1155 920 1233 poeta
943 1148 1051 1225 (Mein.
1076 1149 1109 1213 ll
1132 1170 1164 1233 p.
1188 1149 1253 1214 873
1269 1151 1354 1231 sqq.)

258 1265 424 1346 cogitabit.

364 1379 396 1442 4.
420 1377 471 1442 Ad
490 1377 1355 1458 οοιιιοοιίίοιιινοοοιίυπίίμικρίνηεδδύετρο·

258 1512 319 1557 ποι
343 1495 394 1557 καὶ
419 1493 572 1559 δύεκολο(
590 1495 639 1558 III
656 1494 724 1576 7,3
748 1493 790 1558 ad
814 1495 898 1559 Men.
922 1493 1097 1578 Dyscolum
1122 1492 1180 1572 (IV
1199 1492 1275 1571 105)
1291 1493 1356 1557 iam

259 1628 279 1672 a
303 1606 424 1673 Seilero
449 1608 594 1691 relatum,
628 1608 682 1691 qui
705 1607 849 1674 eiusdem
872 1606 1131 1690 Ἐπιτρέπονται,
1165 1605 1219 1671 nbi
1243 1606 1356 1672 eodem

259 1721 385 1786 nomine
402 1727 451 1787 est
467 1721 616 1788 sordidus
637 1741 764 1804 avarus,
789 1729 820 1786 et
844 1721 959 1786 Iuliani
977 1722 1187 1806 MIsopogona
1210 1743 1242 1806 p.
1253 1721 1356 1786 3940

260 1836 293 1898 in
321 1836 506 1902 memoriam
542 1837 680 1902 vocavit.
728 1837 897 1901 Φείδων
922 1835 1023 1917 1132,
1059 1834 1223 1901 3homini
1259 1855 1356 1920 parco

260 1951 469 2035 aptissimum,
503 1950 677 2036 Antiphon.
696 1951 745 2015 III
764 1951 827 2015 106
851 1972 882 2015 v.
899 1951 939 2014 21
966 1951 1151 2032 argentarii.
1191 1950 1234 2015 ct.
1258 1951 1357 2015 Arist.

260 2064 343 2132 Nub.
360 2065 404 2130 66
428 2073 461 2130 et
483 2066 525 2130 67
551 2067 747 2145 Φειδωνίδηι
771 2072 803 2130 et
827 2065 1046 2147 Φειδιππίδηι,
1082 2064 1238 2130 Φειδύλοε
1260 2084 1358 2150 supra

262 2200 292 2264 ρ.
306 2181 359 2263 67,
377 2181 502 2246 Φείδων
520 2179 539 2244 ὁ
555 2181 753 2260 φιλάργυροι
768 2179 822 2244 ΑΡ
838 2179 889 2271 XI
907 2180 980 2243 170.
1015 2178 1123 2244 Etiam
1141 2179 1308 2258 Γνίφων
1325 2177 1357 2242 II

262 2293 350 2375 32‚3
367 2295 565 2360 comoediam
580 2297 676 2381 sapit,
692 2301 800 2361 notum
818 2314 859 2360 ex
871 2293 948 2358 Luc.
965 2293 1048 2359 Gall.
1066 2294 1109 2358 30
1125 2301 1158 2358 et
1175 2294 1291 2378 catapl.
1306 2293 1357 2358 17.

262 2407 501 2494 Αρροίίοίίννιιν
530 2432 571 2475 an
595 2410 652 2476 vit.
677 2416 762 2475 auct.
779 2409 822 2473 23
846 2408 889 2474 sit
924 2388 1059 2472 dubitor
1087 2408 1126 2472 τὸ
1149 2409 1185 2472 δὲ
1208 2409 1357 2489 γνίιρωνα

171 2501 174 2507 ’
261 2519 342 2587 εἶναι
366 2525 416 2588 καὶ
439 2522 645 2603 τοκογλύφον
670 2522 712 2586 cf.
738 2519 778 2586 de
802 2540 898 2586 meru.
916 2517 1010 2586 cond.
1027 2520 1070 2584 23
1086 2520 1125 2584 τὸ
1149 2520 1190 2598 μὴ
1211 2519 1357 2599 Πυρρίου

262 2639 341 2715 μηδὲ
364 2638 583 2717 Ζωπυρίωνος
611 2637 682 2702 υἱὸν
705 2634 797 2700 εἶναι.
844 2636 887 2699 M.
912 2634 1069 2700 Antonius
1092 2631 1222 2718 Gnipho
1255 2652 1358 2716 gram·

263 2752 399 2818 maticus
423 2751 554 2818 Sueton.
579 2752 620 2817 de
643 2772 690 2835 gr.
716 2752 746 2816 7.

368 2865 399 2928 6.
425 2866 670 2948 Agnnmina
693 2864 853 2949 expressis
876 2861 1146 2940 verbisdicuntur
1168 2860 1360 2940 Ἔμπουεα

263 2977 312 3042 Ill
329 2978 421 3060 26,3
445 2980 657 3050 contumeliae
691 2999 790 3044 causa
821 2978 971 3063 imposita
1005 2976 1047 3042 ad
1083 2977 1265 3062 exemplum
1298 2977 1359 3042 De·

264 3093 492 3160 mosthenisor.
505 3095 627 3173 XVIII,
648 3095 710 3160 130
721 3095 775 3176 qui
788 3091 921 3159 eandem
933 3091 1102 3158 Aeschinis
1114 3090 1226 3158 matris
1238 3091 1360 3156 ἐπωνυ-
1404 3174 1407 3181 ¹

213 3279 214 3282 Ἴ
264 3208 338 3286 μίαν
361 3206 474 3273 iisdem
498 3208 568 3274 fere
591 3209 698 3274 verbis
730 3209 777 3289 (ἐκ
800 3211 858 3273 τοῦ
883 3205 989 3273 πάντα
1012 3211 1117 3272 ποιεῖν
1140 3208 1191 3270 καὶ
1215 3205 1359 3285 πάεχειν)

264 3320 407 3406 explicat
421 3325 456 3402 ¹).
502 3321 824 3403 Ὀρθοκόρυζοε
849 3323 898 3386 Ill
918 3322 1007 3404 12,6
1030 3321 1219 3406 Licymnius
1248 3319 1360 3386 histrio

264 3442 396 3520 propter
418 3437 477 3516 τὴν
499 3437 669 3518 ἀχάριετον
692 3441 808 3520 φωνήν
842 3443 976 3520 uocatur
1008 3455 1103 3518 quam
1127 3453 1145 3500 e
1169 3433 1284 3519 κορύζῃ
1308 3452 1359 3499 ac-

265 3550 389 3634 cepisse
413 3549 542 3619 dicitur.
672 3543 674 3546 ’

372 3667 403 3732 6.
427 3667 564 3734 Restant
597 3688 681 3733 nnnc
714 3675 843 3753 praeter
875 3666 1002 3732 nomina
1026 3685 1044 3730 e
1067 3664 1362 3749 proverbiorum

267 3780 498 3847 consuetudine
522 3784 623 3867 petita
645 3801 728 3865 quae
751 3787 786 3846 ut
801 3781 843 3846 ab
859 3781 932 3846 aliis
950 3780 1029 3847 satis
1053 3778 1216 3863 explicata
1239 3777 1361 3858 omitto,

266 3896 419 3961 nomina
442 3916 649 3962 servorum.

375 4011 642 4090 ΝουμήνιοεΙΙ
654 4011 708 4091 36,
727 4012 742 4074 l
762 4012 795 4076 in
811 4011 879 4076 vita
891 4006 1132 4076 usitatissimum
1144 4005 1195 4085 (F.
1203 4005 1236 4070 B.
1246 4005 1360 4090 pnes.

267 4123 318 4189 Pr.
333 4125 399 4218 Att.
414 4126 700 4209 11134-11142),
718 4145 758 4190 ex
768 4126 839 4210 ipsa
850 4123 987 4210 epistula
998 4121 1205 4204 intellegitur.
1229 4119 1257 4182 Ζ
1263 4120 1362 4184 ώπυ-

267 4259 333 4317 ροι
349 4240 399 4304 ΙΙΙ
409 4241 462 4318 21,
482 4242 543 4306 lin
555 4242 602 4308 lu
618 4242 755 4327 saepius,
773 4241 909 4325 primum
925 4239 1026 4314 1440,
1044 4237 1270 4321 imperatorum
1286 4223 1363 4298 tem·

267 4374 479 4384 ————

368 4463 395 4532 1)
415 4463 461 4516 De
481 4464 648 4534 veriloquio
668 4461 802 4518 Solmsen
822 4460 858 4514 K.
878 4460 907 4512 Z.
927 4459 970 4527 34,
988 4457 1042 4513 662
1051 4472 1115 4526 sqq.
