3375 5192
752 489 927 548 ..35-

288 666 379 748 locis,
405 664 445 730 de
471 667 596 760 quibus
609 667 648 732 R.
672 688 704 751 p.
723 667 761 730 ll
787 666 883 748 dixit,
917 666 1029 732 eadem
1063 666 1286 732 additamenta
1314 668 1385 734 Alci

288 780 443 865 phroncm
457 788 488 845 et
500 781 676 846 Lucianum
688 781 729 846 ad
741 781 927 846 comoediae
941 782 1028 846 locos
1041 782 1250 847 admiscuisse
1260 781 1388 848 dernon-

288 897 403 960 stravit
438 916 498 960 nco
534 915 616 978 quae
640 897 774 961 Luciani
811 896 959 961 convivio
988 916 1059 961 curn
1092 917 1143 980 cp.
1164 898 1213 961 lIl
1239 898 1278 959 19
1318 919 1388 962 con-

288 1010 430 1074 sentiunt
447 1008 560 1091 (Reich
579 1031 609 1093 p.
631 1011 748 1092 resq.)
772 1011 866 1094 plura
877 1019 950 1075 sunt
967 1031 1062 1093 quam
1079 1011 1233 1076 orationis
1250 1012 1387 1077 flosculi.

289 1123 415 1189 Deinde
439 1125 577 1189 maxime
601 1125 780 1190 nominibus
802 1126 941 1209 propriis
965 1125 1160 1210 comparatis
1175 1125 1277 1191 Reich
1301 1127 1388 1190 nisus

289 1245 347 1304 est.
400 1238 567 1304 Amatoria
601 1238 687 1323 apud
723 1240 902 1304 Lucianum
935 1240 1090 1324 imprimis
1124 1241 1158 1303 iu
1189 1239 1389 1324 dialogis

283 1354 570 1419 meretricum
594 1352 808 1434 inveniuntur,
844 1354 959 1435 qrribus
988 1374 1060 1418 cnm
1083 1353 1279 1437 Alciphrone
1304 1374 1388 1420 corn-

289 1488 400 1533 munes
411 1473 484 1534 sunt
496 1468 773 1533 celeberrimarum
787 1468 988 1532 meretricum
1001 1466 1138 1534 Thaidis
1150 1467 1300 1534 Leaenae
1310 1468 1386 1553 Gly-

231 1613 233 1618 ·
289 1604 382 1648 cerae
401 1581 573 1648 Bacchidis
589 1582 747 1649 Melissae.
786 1581 851 1648 Sed
870 1582 984 1648 desunt
1008 1582 1093 1667 apud
1116 1583 1294 1649 Lucianum
1309 1583 1388 1648 Lais

292 1698 421 1782 Phryne
435 1697 604 1763 Leontium
615 1696 730 1761 Lamia
743 1696 935 1763 Gnathaena
948 1717 1143 1780 quamquam
1161 1697 1387 1763 celeberrimae

289 1811 379 1890 Quae
414 1810 596 1876 differentia
629 1803 735 1894 magni
769 1810 971 1876 aestimanda
999 1818 1062 1877 est:
1110 1811 1265 1896 Alciphro
1295 1831 1388 1876 veras

288 1948 442 2012 personas
465 1927 620 2012 epistulas
643 1928 820 1993 scribentes
836 1927 917 1992 iacit
933 1948 972 1992 ac
988 1926 1198 1992 Menandrum
1213 1928 1385 2011 Epicurum

289 2042 486 2105 Demetrium
503 2041 654 2105 Euthiam
671 2040 871 2126 Hyperidem
894 2040 1079 2122 introducit,
1104 2040 1191 2126 apud
1207 2041 1385 2106 Lucianum

289 2156 440 2222 historiae
464 2156 546 2220 ratio
570 2156 672 2236 abest,
708 2156 776 2219 eins
800 2154 941 2238 Glycera
964 2156 1043 2219 nibil
1067 2155 1127 2221 nisi
1151 2155 1303 2233 meretrix
1327 2161 1386 2238 est,

289 2271 377 2336 cuius
402 2290 473 2334 cum
490 2267 666 2333 Menandro
690 2267 893 2333 familiaritas
906 2288 946 2332 ne
963 2275 1225 2334 commemoratur
1247 2267 1385 2352 quidem.

289 2385 315 2448 E
332 2385 462 2466 reliquis
485 2389 659 2449 scortorum
684 2383 865 2449 nominibus
880 2383 1085 2448 Parthenium
1103 2383 1198 2450 Doris
1214 2382 1383 2468 Chrysium

287 2498 379 2579 (Luc.
405 2499 550 2583 Chrysis)
575 2497 660 2582 apud
686 2505 854 2580 utrumque
878 2504 1057 2579 occurrunt,
1092 2504 1201 2564 cetera
1225 2497 1379 2582 Alciphro

288 2611 424 2692 addidit,
455 2614 502 2678 ita
525 2619 559 2676 nt
583 2614 665 2677 inter
689 2611 731 2676 42
757 2613 884 2676 nomina
908 2612 1089 2677 meretricia
1113 2611 1330 2697 Alcipbronea
1353 2619 1385 2676 et

288 2725 507 2791 ithaciana
531 2725 730 2810 dialogorum
747 2727 947 2791 meretricum
971 2747 1033 2791 non
1057 2726 1149 2811 plura
1165 2746 1260 2808 quam
1276 2725 1385 2790 Soon-

288 2848 414 2924 gruant.
446 2841 572 2906 Deinde
589 2861 606 2904 e
623 2839 878 2906 adunatorum
896 2841 949 2922 qui
966 2846 1040 2905 sunt
1056 2839 1141 2924 apud
1160 2840 1386 2925 Alciphronern

285 2956 321 3019 in
344 2954 546 3020 meretricum
580 2953 717 3037 dialogis
740 2951 784 3018 28
809 2953 1000 3019 habentibus
1022 2954 1043 3019 3
1063 2960 1191 3048 'tantum
1215 2961 1385 3019 occurrunt

289 3070 436 3154 Diphilus
452 3069 639 3153 Pamphilus
655 3069 782 3154 Lysias.
828 3069 941 3151 Neque
962 3068 1042 3134 haec
1059 3088 1161 3152 neque
1185 3067 1241 3132 illa
1257 3067 1383 3131 nomina
1458 3089 1461 3094 ·

288 3183 440 3250 eiusmodi
465 3190 548 3267 sunt,
572 3191 607 3249 ut
623 3184 703 3248 alter
726 3185 787 3248 nisi
811 3184 851 3248 ab
876 3184 977 3249 altero
994 3204 1033 3249 ea
1049 3184 1213 3268 accepisse
1236 3188 1386 3264 nequeat,

289 3297 384 3363 immo
409 3299 617 3364 usitatissima
641 3299 673 3362 in
697 3299 788 3383 poesi
811 3298 933 3364 erotica
949 3306 1031 3380 sunt,
1056 3296 1242 3383 Pamphilus
1257 3297 1387 3380 insuper

284 3433 392 3478 novae
417 3411 603 3478 comoediae
625 3406 741 3496 figura.
790 3414 962 3478 Praeterea
986 3412 1087 3478 Reicb
1120 3431 1231 3478 sonum
1263 3417 1386 3475 tanturn

287 3525 430 3610 respexit
453 3546 556 3609 neque
582 3533 734 3592 accurate
758 3528 918 3592 nominum
951 3547 1070 3610 genera
1105 3526 1262 3592 distinxit.
1311 3526 1387 3590 Κλυ-

293 3642 370 3721 μένη
396 3641 522 3723 qnidem
548 3664 578 3726 p.
604 3643 624 3706 6
649 3643 682 3706 in
706 3641 844 3724 dialogis
868 3640 1023 3707 deorum
1057 3661 1119 3706 non
1143 3641 1385 3706 meretricum

289 3762 337 3820 est
360 3774 464 3837 neque
487 3756 552 3820 ulla
575 3755 658 3820 ratio
674 3756 756 3820 inter
773 3762 940 3837 utramque
956 3753 1135 3835 intercedit,
1161 3755 1283 3836 Nesspic,
1301 3751 1386 3835 quod

289 3890 403 3934 nomen
429 3871 606 3936 consentire
630 3870 668 3935 R.
693 3870 915 3954 gravissimum
938 3876 1032 3955 putat
1054 3891 1085 3954 p.
1111 3870 1141 3950 l,
1166 3869 1198 3932 in
1222 3865 1387 3932 codicibus

293 3983 517 4068 Alciphroneis
555 4007 618 4050 non
657 3991 704 4050 est
743 3984 800 4050 sed
835 3985 957 4064 Neuplc,
1000 3984 1227 4068 „Anrpelioais
1267 4001 1387 4045 nomen

290 4101 425 4163 nonnisi
449 4101 542 4184 apud
557 4097 797 4184 Alcipbroncm
821 4106 852 4164 et
868 4101 975 4164 Iacer.
994 4099 1034 4161 ΙΙ
1049 4100 1094 4163 97
1116 4097 1280 4162 iaceairi“
1299 4113 1387 4159 error

291 4220 340 4277 est
368 4212 503 4296 Reichii,
537 4221 571 4278 ut
595 4216 846 4298 praetermittam
882 4211 1056 4297 Ampelida
1078 4212 1253 4276 Lucianum
1288 4229 1386 4274 mere-

292 4333 413 4408 tricem,
441 4327 665 4413 Alciphronem
683 4329 835 4394 rusticum
852 4328 1043 4412 Ampeliona
1059 4299 1233 4391 nomidare.
1253 4325 1388 4392 Noverit

289 4441 423 4508 forsitan
458 4443 614 4528 Alciphro
648 4442 835 4526 Lucianum,
871 4463 943 4508 oum
983 4449 1126 4526 tempore
1160 4440 1215 4504 vix
1253 4438 1384 4504 multum
