3375 5192
789 497 964 553 ..92-

329 682 460 738 narrant
483 673 640 758 epistulae
677 683 708 738 et
738 674 866 760 nomina
901 673 1083 757 personalia
1117 671 1213 755 plane
1248 676 1426 752 congruunt

331 809 401 853 cum
425 786 465 854 iis
489 809 572 871 quac
596 788 761 854 comoedia
792 788 902 853 tradit.
949 787 1093 870 Singulis
1123 784 1333 852 consideratis
1356 785 1425 850 iere

330 904 448 968 nullum
474 925 536 968 non
552 903 627 968 inde
651 903 806 987 explicari
824 901 963 968 vidimus
978 922 1017 966 ac
1042 902 1096 983 qui
1113 900 1285 993 Ribbeckii
1309 899 1423 964 librum

329 1019 504 1103 inspexerit
517 1019 567 1085 cui
580 1020 695 1084 Kolum
712 1017 895 1084 inscribitur
910 1016 1133 1082 similitudines
1150 1036 1244 1099 quam
1268 1015 1424 1080 maximas

330 1132 529 1198 intercedere
553 1133 640 1199 baud
664 1134 804 1217 negabit.
840 1133 1002 1212 Quasnam
1026 1133 1154 1199 fabulas
1169 1134 1258 1218 ipsas
1281 1131 1425 1216 sophista

330 1255 404 1312 aute
429 1249 539 1314 oculos
574 1255 671 1332 atque
695 1247 726 1313 in
760 1250 906 1315 manibus
941 1249 1099 1331 habuerit,
1135 1268 1220 1314 nunc
1254 1245 1424 1312 diiudicari

330 1364 471 1445 nequitl)
496 1383 600 1446 neque
624 1366 750 1429 omnino
775 1370 882 1449 potest
916 1365 1097 1430 nominibus
1131 1369 1254 1429 tantum
1289 1361 1426 1446 propriis

331 1478 492 1544 adhibitis.
533 1477 660 1546 Deinde
676 1498 760 1545 nunc
776 1479 959 1544 discemere
975 1500 1038 1543 non
1055 1497 1233 1562 possumus,
1249 1497 1324 1542 num
1342 1475 1426 1541 illius

332 1613 457 1676 quoque
488 1593 614 1678 generis
645 1595 766 1678 scripta
796 1594 866 1658 Alc.
899 1592 1082 1676 adsciverit,
1108 1613 1190 1675 quae
1215 1593 1426 1668 παντοδαπὴν

332 1707 412 1786 ὕλην
447 1707 535 1774 libris
559 1709 713 1772 ποικίλοι(
750 1709 800 1772 vel
826 1708 1127 1787 ἀπομνημονεύμαει
1162 1705 1319 1772 similibus
1353 1726 1426 1770 con·

331 1827 499 1904 gesserunt
515 1821 677 1903 multaque
698 1828 730 1886 ct
755 1820 795 1886 de
816 1821 1038 1886 meretricibus
1062 1828 1094 1886 et
1118 1820 1158 1886 de
1182 1821 1333 1905 parasitis
1355 1819 1426 1885 sub

331 1936 511 2000 ministrare
528 1939 719 2020 peierante).
759 1935 915 2001 Convivia
938 1957 1034 2021 supra
1055 1958 1086 2020 p.
1104 1937 1147 2000 86
1170 1936 1426 2017 memoravimus,

330 2051 361 2114 in
376 2049 488 2114 eodem
501 2056 687 2133 argumento
703 2056 872 2116 versantur
885 2049 1078 2135 Hippolocbi
1089 2056 1121 2115 et
1130 2049 1254 2134 Lyncei
1266 2049 1427 2113 ἑπιετολαὶ

331 2166 535 2242 δειπνητικαί,
571 2166 752 2230 Polemonis
786 2165 902 2228 librum
937 2167 1008 2244 περὶ
1036 2165 1218 2243 παραείτων
1248 2161 1363 2228 Athen.
1381 2163 1426 2226 VI

332 2301 362 2363 p.
375 2280 439 2342 234
451 2279 553 2342 D-F
563 2279 672 2361 affert,
685 2281 813 2364 saepius
824 2279 1048 2364 Aristophanis
1059 2278 1217 2362 Byzantii,
1229 2274 1426 2361 Apollodori,

332 2393 472 2475 Gorgiae
495 2395 567 2472 περὶ
599 2400 665 2458 τῶν
700 2395 846 2473 ἑταιρῶν.
893 2394 1007 2459 Latius
1042 2394 1196 2478 patebant
1221 2390 1426 2473 Aristodemi,

333 2507 540 2589 Dioscuridis,
566 2507 778 2590 Hegesandri,
802 2508 926 2592 Lyncei
944 2509 1165 2590 ὑπομνήματα,
1188 2505 1441 2586 ἀπομνημονεύ-4

304 2613 305 2618 “
331 2643 424 2704 ματα,
458 2622 702 2704 ἀποφθέγματα,
739 2623 899 2687 ἑπιετολαὶ
934 2624 1139 2704 δειπνητικαί,
1176 2623 1265 2686 cuius
1289 2621 1427 2686 universi

332 2737 459 2820 generis
476 2738 628 2821 optimum
647 2739 827 2821 exemplum
849 2744 977 2822 practer
1000 2738 1126 2802 Aeliani
1151 2738 1257 2802 varias
1278 2736 1427 2802 historias

330 2853 430 2936 ipsius
455 2851 611 2916 Athenaei
628 2851 899 2936 Dipnosopbistae
922 2859 1060 2918 exstant.
1108 2851 1134 2915 li
1150 2851 1322 2935 scriptores
1346 2868 1427 2933 quae

332 2987 435 3031 rerum
454 2967 605 3032 memoria
617 2988 656 3031 ac
670 2967 795 3032 litterae
811 2967 992 3046 (comoedia
1007 2968 1113 3050 poesis
1128 2965 1283 3050 parodica
1298 2963 1427 3045 similia)

332 3079 373 3145 dc
392 3081 612 3146 meretricibus
628 3087 660 3145 ct
683 3081 834 3166 parasitis
851 3081 1062 3163 tradiderant,
1086 3081 1284 3162 collegerunt
1300 3100 1339 3143 ac
1355 3078 1439 3157 fierin

332 3201 448 3278 potest,
474 3202 507 3259 ut
523 3197 638 3279 partim
656 3194 704 3260 his
718 3195 827 3261 rivulis
843 3195 916 3260 Alc.
930 3216 969 3260 ea
985 3195 1112 3276 debeat,
1129 3215 1211 3277 quae
1228 3192 1428 3258 calentibus

332 3307 459 3373 videtur
488 3309 664 3391 accepisse.
711 3306 777 3373 Sed
801 3328 840 3372 ea
864 3309 997 3372 materia
1031 3313 1078 3387 (ut
1101 3309 1147 3372 ita
1171 3307 1289 3386 dicam)
1327 3307 1428 3392 potito

333 3421 504 3503 nominum,
536 3439 618 3502 quae
641 3420 717 3486 inde
741 3421 890 3505 ducebat,
926 3423 1030 3488 forma
1054 3421 1204 3506 eligenda
1228 3427 1307 3497 erat,
1345 3439 1427 3503 quae

333 3536 382 3600 his
405 3536 437 3599 in
472 3536 653 3620 parasiticis
677 3535 787 3600 differt
816 3558 835 3601 a
860 3539 986 3602 ceteris.
1032 3538 1234 3602 Parasitos
1266 3557 1328 3601 non
1352 3555 1428 3601 vera

332 3648 469 3732 nomina,
495 3647 552 3714 sed
569 3647 723 3714 iocularia
739 3649 911 3733 agnomina
927 3670 985 3734 pro
1007 3648 1090 3714 veris
1114 3651 1222 3729 (coms
1239 3650 1279 3712 de
1295 3650 1427 3732 pccrrc)

332 3764 469 3847 gessisse
487 3770 622 3829 constat.
669 3765 762 3829 Vitae
778 3765 861 3830 hanc
878 3763 1138 3830 consuetudinem
1163 3763 1220 3843 (of.
1236 3762 1428 3827 Philoxenus

332 3879 586 3959 ἡπτερνοκοπί(
622 3879 778 3944 Eucrates
814 3880 955 3957 Κόρυδος
980 3879 1149 3962 Epicrates
1173 3879 1337 3957 Κυρηβίων
1372 3876 1428 3940 alii

332 3995 373 4058 ab
390 3994 508 4077 Athen,
535 3995 654 4059 V1241
670 4013 739 4077 sqq.
764 3994 941 4075 memorati,
967 3994 1091 4058 Horatii
1105 3994 1300 4058 Pantolabus
1316 4012 1427 4057 scurra

333 4109 401 4174 Sat.
427 4111 453 4192 l,
477 4109 507 4191 8,
535 4111 585 4172 li.
620 4110 653 4172 ll
681 4109 786 4190 1‚22‚
823 4109 876 4190 qui
910 4128 984 4172 vero
1008 4108 1136 4172 nomine
1160 4106 1288 4172 Mallius
1321 4106 1426 4170 Verna

442 4363 468 4426 1)
488 4344 531 4418 cr.
550 4362 685 4417 arneson
705 4329 830 4417 Aialon.
849 4380 876 4432 p.
891 4363 934 4417 so.

441 4459 469 4526 2)
489 4459 531 4514 Cf.
551 4459 687 4514 Ribbeck
707 4458 810 4516 Kolao'.
830 4476 859 4529 p.
872 4459 915 4514 32.
