3375 5192
725 500 986 606 --οο--Ι

264 724 352 802 νίδης
378 721 410 803 (ὁ
427 724 571 803 λαμπρός
588 722 716 802 Suidas)
743 723 801 788 Αν,
823 724 885 787 139
902 724 975 787 alia.
1023 723 1181 808 Imprimis
1205 744 1360 809 personae

262 840 294 903 in
319 859 436 904 scaena
460 845 593 931 agentes
610 839 656 902 ita
672 839 874 922 nominantur
890 837 1213 904 Acharnensibus
1229 840 1359 904 Δικαιό-

156 982 160 986 ·
263 958 356 1017 πολις
392 954 620 1033 Ψευδαρτὰβης
634 955 669 1035 ¹),
705 953 919 1035 Equitibus
950 954 1151 1032 Παφλαγών,
1185 954 1360 1020 Nubibus

261 1069 469 1150 Φειδιππίδης
492 1069 661 1153 („Jcaber
678 1068 863 1151 Spur·russ“
883 1068 1033 1150 Lessing)
1057 1069 1190 1149 Παςίας,
1215 1068 1359 1152 Ves'pis

262 1183 402 1247 Ξανθίας
435 1183 553 1247 (ωςίας
586 1182 704 1246 οἰκέται
728 1219 771 1228 0-
797 1183 1002 1246 Βδελυκλέων
1030 1183 1225 1262 Φιλοκλέων,
1253 1182 1358 1246 Pace

261 1298 429 1379 Τρυγαῖος,
454 1298 600 1363 Avibus
623 1298 798 1376 Εὐελπίδης
822 1298 1028 1377 Πιςθέταιρος
1052 1298 1224 1377 Τρόχιλος,
1248 1297 1359 1382 Lysi-

260 1418 389 1476 strata
423 1411 613 1490 Λοςιςτριίιτη
651 1413 806 1490 Καλονίκη
848 1413 1001 1494 Κινηςίας,
1040 1412 1163 1476 Ranis
1202 1412 1357 1493 Ξανθίας,

259 1526 548 1592 Ecclesianusis
571 1528 776 1610 Πραξαγόρα,
807 1527 919 1590 Pluto
944 1526 1107 1606 Χρεμύλος
1134 1527 1258 1605 Καρίων
1284 1528 1355 1591 Βλε-

257 1641 407 1720 ψίδημος.
455 1642 587 1705 Praeter
615 1641 673 1705 bas
700 1661 854 1726 personas
882 1640 1076 1724 principales
1109 1647 1301 1705 memoratas
1324 1643 1357 1704 in

258 1754 418 1821 indicibus
450 1755 581 1819 fabulae
616 1755 805 1840 antepositis
835 1757 930 1820 etiam
957 1755 1072 1819 ceteris
1096 1754 1141 1820 ibi
1164 1754 1358 1838 generaliter

259 1868 354 1934 dietis
377 1871 410 1932 in
426 1869 497 1954 ipsa
516 1870 626 1934 fabula
643 1872 771 1934 nomina
788 1891 828 1934 ex
849 1891 884 1934 re
901 1869 1070 1952 eliguntur.
1098 1869 1210 1953 Vespis
1227 1869 1357 1950 quidem

259 2003 340 2065 quae
364 1983 396 2047 in
421 1983 527 2048 indice
547 1991 595 2049 est
619 1983 799 2064 ἀρτόπωλις
824 2007 854 2050 ν.
876 1984 960 2048 1396
971 2004 1018 2066 sq.
1043 2003 1113 2049 esse
1130 1984 1275 2062 Μυρτίαν
1298 1985 1357 2062 τὴν

257 2099 467 2173 Ἀγκυλίωνος
491 2100 542 2162 καὶ
565 2099 749 2178 [ωςτράτης
773 2099 844 2183 ipsa
860 2099 1016 2182 gloriatur
1031 2097 1240 2180 similiterque
1256 2102 1355 2178 χοροῦ
1371 2167 1376 2181 ,

257 2211 420 2290 γερόντων
451 2214 583 2291 ςφήκων
617 2214 758 2278 membra
791 2235 840 2278 vv.
866 2213 1060 2295 229—234,
1085 2213 1147 2276 401
1176 2213 1356 2278 nominibus

217 2315 219 2319 ’
257 2305 469 2410 appellantur.
506 2327 730 2393 Praetermitto
748 2334 872 2392 ceteras
884 2327 1022 2409 fabulas,
1039 2327 1093 2416 ubi
1106 2326 1219 2392 eadem
1233 2347 1283 2392 res
1295 2334 1354 2411 est,

182 2443 183 2446 ’
256 2441 477 2506 memorabiles
504 2448 577 2506 sunt
601 2441 742 2506 Διτύλας
767 2442 924 2522 (κεβλύας
948 2443 1120 2520 Παρδόκας
1146 2442 1229 2506 servi
1254 2440 1354 2506 Aeaei

256 2554 336 2618 Rau.
351 2555 415 2618 608
433 2575 472 2619 ac
490 2555 675 2634 Μαριλάδης
695 2557 886 2635 Δράκυλλος
911 2557 1093 2636 Εὐφορίδης
1109 2557 1264 2635 Πρινίδης
1289 2576 1355 2620 car-

256 2669 379 2733 bonarii
401 2669 730 2738 Acharneus—611
754 2675 775 2750 l.
1013 2668 1016 2671 ’

362 2783 406 2848 Αί
445 2785 556 2849 talium
601 2785 692 2866 quasi
737 2785 824 2868 leges
869 2784 1006 2849 delinire
1045 2805 1162 2849 vanum
1202 2791 1260 2867 est,
1307 2785 1354 2850 ita

255 2904 407 2964 venustus
436 2899 489 2964 ille
521 2899 609 2967 lusus
642 2906 700 2982 est,
736 2905 771 2964 ut
805 2899 905 2989 libere
939 2920 979 2963 ex
1015 2898 1076 2962 loci
1111 2898 1288 2964 rationibus
1321 2907 1354 2964 et

255 3019 369 3097 poetae
403 3014 531 3096 ingenio
564 3013 714 3079 nascitur.
767 3015 890 3078 Tamen
926 3033 996 3078 cum
1032 3013 1218 3078 comoediae
1252 3034 1354 3097 genus

255 3129 405 3211 variaret,
435 3129 595 3192 nominum
621 3128 706 3192 lusus
740 3126 971 3193 consuetudine
1005 3127 1177 3193 artioribus
1211 3128 1353 3192 terminis

257 3242 515 3327 circumscriptus
538 3263 656 3308 morem
675 3242 833 3325 quendam
850 3241 958 3307 babet.
1008 3241 1259 3308 Anarandridae
1276 3262 1352 3307 vero

254 3377 293 3421 ea
328 3356 516 3440 tragoediae
551 3363 583 3423 et
616 3356 801 3423 comoediae
837 3356 1024 3423 differentia
1057 3358 1127 3423 visa
1166 3365 1225 3439 cst,
1265 3356 1351 3440 quod

255 3483 468 3491 ——----—

361 3534 386 3600 1)
406 3533 547 3589 Ficticius
560 3536 721 3590 Persarum
733 3536 853 3604 legatus
867 3537 1036 3604 anteposito
1048 3538 1136 3601 ψεοδ·
1145 3551 1255 3590 nomen
1272 3536 1352 3604 gerit

253 3629 351 3684 Persis
371 3632 534 3700 proprium.
572 3630 713 3686 Similiter
732 3629 901 3700 Aeschylus
920 3632 1021 3686 Persis
1039 3632 1093 3685 318
1117 3633 1260 3700 Ἀρτάμην
1278 3631 1350 3686 Bac-

253 3727 341 3780 trium
362 3732 455 3796 atque
474 3727 634 3781 Herondas
654 3728 736 3782 1138
765 3727 917 3795 Ἀρτίμμην
944 3728 1114 3782 introduxit
1142 3744 1180 3782 ex
1207 3731 1300 3797 stirpe
1319 3730 1350 3782 in

252 3824 424 3877 nominibus
444 3824 530 3879 velut
549 3825 715 3891 Ἀρτάβαζος
734 3825 940 3892 Ἀρτοβαζάνης
959 3824 1102 3892 Ἀρτύβιος
1120 3826 1282 3893 frequenti.
1307 3824 1349 3879 Of.

254 3918 434 3974 Guilelmum
463 3920 590 3976 Schulae
614 3921 688 3976 Mus.
709 3922 801 3976 Rben.
821 3921 865 3988 48,
893 3921 946 3976 252
956 3938 1019 3990 sqq.
1056 3921 1217 3976 Herondae
1247 3922 1350 3975 similis
1387 3936 1389 3940 ·

241 4005 404 4070 ¹nominum
434 4019 627 4072 commutatio
656 4018 739 4088 apud
768 4019 903 4072 Eustalh.
924 4019 964 4072 IV
984 4019 1018 4072 13
1036 4014 1349 4085 ὙςμινίαςιἈτράκης.

358 4114 385 4178 2)
405 4114 458 4168 Vel
472 4117 502 4168 in
514 4116 674 4170 locorum
686 4116 859 4170 nominibus
872 4113 1024 4184 Aristoph.
1035 4115 1113 4168 ludit
1125 4115 1208 4169 velut
1218 4115 1348 4169 Acharn.

252 4209 304 4264 234
325 4211 483 4277 Βαλληνιίδε
498 4229 515 4265 a
528 4213 663 4282 Παλλήνη
685 4214 826 4267 derivans
847 4229 883 4267 ae
902 4229 984 4266 nova
1003 4213 1124 4281 fingens
1143 4213 1227 4266 velut
1239 4212 1349 4279 Ὀρνεαί

252 4305 307 4360 Αν.
327 4307 379 4360 399
407 4307 473 4374 luci,
506 4310 536 4361 ἐν
555 4309 638 4362 Χαόςι
658 4308 731 4362 Aeh.
751 4309 802 4362 604
823 4309 936 4378 populi,
966 4309 1016 4363 eui
1035 4309 1142 4362 similia
1161 4309 1349 4376 excogitavit

251 4403 303 4471 Eq.
329 4404 363 4457 78
382 4420 425 4474 sq.
454 4405 563 4465 Χάονες,
594 4405 722 4473 Αἰτωλοί,
757 4405 898 4460 Κλωπίδαι
928 4405 1144 4474 (Klaffcrland,
1173 4405 1347 4474 Habsburp,

252 4499 416 4556 Ledronen
437 4502 544 4568 Kock).
