3375 5192
698 535 872 608 ²95-

237 741 306 796 esse
342 724 499 815 epistulae
525 748 626 813 genus
649 729 769 815 pariter
797 751 836 795 ac
860 728 971 794 drama
995 735 1027 794 et
1056 747 1183 794 carmen
1207 717 1332 815 epicum

238 842 343 927 decet,
376 844 465 910 velut
487 844 634 928 Euergus
662 843 865 930 Euthydicus
888 844 1096 911 Philodemus
1119 845 1333 912 Mnesilochus

239 959 314 1042 alia,
339 958 380 1025 do
404 960 520 1042 quibus
545 981 574 1025 v.
599 980 653 1044 pp.
671 961 723 1024 25.
744 960 797 1024 bl.
814 959 868 1024 59.
916 959 1006 1038 Quae
1030 981 1102 1026 cum
1125 963 1164 1026 A.
1189 961 1333 1044 eligeret,

237 1075 269 1138 in
293 1075 474 1140 universum
498 1073 585 1140 haud
608 1075 677 1141 sine
701 1080 771 1139 arte
795 1075 863 1140 eius
886 1077 1003 1140 aetatis
1025 1075 1168 1142 servavit
1183 1075 1332 1157 colorem,

238 1208 333 1271 quam
357 1188 502 1274 epistulis
527 1187 685 1270 definivit,
716 1188 772 1254 tv.
786 1195 817 1254 et
831 1190 891 1255 111.
905 1210 934 1256 a.
949 1188 1021 1255 Cbr.
1039 1211 1070 1254 n.
1094 1190 1225 1256 sacculi.
1271 1191 1334 1258 Ne·

238 1323 299 1385 que
323 1304 405 1368 enirn
430 1303 542 1369 borum
565 1302 663 1368 ullum
686 1303 750 1370 illis
766 1306 964 1389 temporibus
988 1305 1021 1369 in
1045 1326 1104 1371 usu
1129 1326 1190 1370 non
1217 1305 1278 1370 fuit
1302 1311 1335 1370 et

238 1438 333 1483 unum
351 1418 555 1503 Alcipbronis
572 1425 680 1484 aetate
697 1439 798 1504 paene
823 1419 1018 1486 obsolevisse
1041 1419 1176 1496 videtur,
1202 1420 1335 1485 Critiam

238 1531 311 1598 dico
328 1535 369 1613 (v.
385 1533 474 1598 Pros.
488 1533 580 1612 Att.).
616 1533 735 1617 Pauca,
761 1553 842 1616 quae
859 1541 971 1619 aperte
986 1554 1044 1600 suo
1059 1534 1188 1617 ingenio
1203 1535 1335 1616 invenit,

238 1647 394 1733 imprimis
410 1647 632 1731 parasitorum,
651 1647 917 1713 areeeniioribus
932 1649 984 1713 vel
1000 1648 1096 1713 etiam
1107 1649 1215 1712 latinis
1230 1649 1336 1733 stirpi-

239 1761 298 1827 bus
322 1759 481 1828 derivavit
504 1761 592 1827 velut
623 1761 797 1828 Bucionem
826 1761 1001 1828 secundum
1024 1762 1242 1828 Atellanarum
1267 1782 1337 1846 per-

240 1896 349 1942 sonam
382 1876 494 1942 fictum
527 1875 796 1962 Turdosynagum
831 1877 1098 1942 Patellocharona
1132 1874 1336 1960 Maudyloco-

239 1991 369 2077 laptem.
406 1992 478 2056 Alia
502 1990 640 2074 deniqne
664 1992 705 2056 ad
731 2013 806 2058 vera
831 1993 992 2058 hominum
1020 1993 1149 2058 nomina
1172 1991 1337 2072 recedunt,

241 2104 361 2192 duplici
395 2126 470 2172 vero
500 2105 595 2171 modo
619 2105 778 2172 adbibita:
817 2114 873 2171 aut
904 2106 1000 2172 iidem
1025 2104 1232 2189 intellegendi
1263 2111 1337 2169 sunt

241 2219 383 2285 homiues
416 2226 513 2302 atque
546 2240 586 2285 ex
618 2241 722 2286 rerum
761 2222 915 2286 memoria
946 2221 1023 2304 uoti,
1063 2222 1150 2287 velut
1180 2221 1339 2304 Epicurus

242 2333 415 2399 Menander
454 2335 594 2420 Glycera
632 2342 688 2400 aut
720 2354 828 2400 eorum
863 2336 1043 2401 nominibus
1077 2334 1229 2420 Alcipbro
1264 2355 1338 2399 usus

242 2456 300 2530 est,
340 2467 412 2512 cum
451 2453 581 2532 propter
619 2449 708 2514 vocis
740 2467 867 2514 sensum
906 2449 966 2513 sibi
1005 2447 1121 2514 idonee
1156 2448 1339 2514 viderentur

242 2563 330 2628 velut
375 2563 487 2629 mimos
529 2560 751 2628 Pbilistiadem
798 2570 831 2627 et
875 2563 1107 2647 Sannyrionem
1154 2563 1338 2645 nominavit,

242 2677 402 2764 Licymnii
438 2677 711 2762 dithyrambomm
748 2684 863 2762 poetae
895 2698 1010 2743 nomen
1047 2676 1201 2756 histrioni,
1244 2677 1339 2741 Lexi-

242 2793 358 2876 pbanis
394 2793 480 2876 apud
522 2791 698 2856 Luciauum
737 2790 874 2855 rbetoris
910 2799 1025 2876 poetae
1058 2793 1180 2856 comico
1216 2790 1337 2872 tribuit,

243 2907 420 2972 coniunctis
456 2907 584 2971 Zenone
623 2913 656 2970 et
683 2905 867 2970 Xenocrate
899 2904 1121 2990 (pbilosophis)
1152 2906 1340 2970 Zenocratis

242 3043 356 3086 nomen
381 3022 494 3087 effecit
505 3025 537 3100 ¹).
578 3021 692 3087 Cetera
709 3022 807 3105 etymi
825 3040 924 3086 causa
940 3021 1161 3103 significantia
1181 3018 1340 3101 adhibuit,

247 3225 459 3233 *-

352 3352 378 3413 1)
391 3348 611 3420 Imperatorum
618 3348 823 3404 Romanorum
831 3349 1018 3418 temporibus
1026 3349 1160 3403 homines
1170 3347 1341 3402 inlustrium

245 3451 379 3503 virorum
399 3449 521 3501 nomina
541 3447 700 3501 adamasse
726 3447 870 3500 videntur
895 3461 994 3514 eaque
1016 3446 1097 3499 haud
1118 3461 1186 3500 raro
1212 3447 1277 3499 sive
1302 3460 1340 3497 cx

245 3546 369 3599 historia
395 3545 524 3598 fabulari
554 3544 618 3598 sive
647 3559 663 3597 e
692 3558 791 3598 rerum
821 3544 965 3598 memoria
993 3549 1194 3613 sumpserunt,
1232 3542 1342 3595 Thales

246 3642 376 3711 quidem,
405 3643 454 3695 eui
473 3641 655 3711 peregrinae
673 3640 788 3708 aliquid
811 3640 955 3693 claritatis
974 3640 1100 3694 infuisse
1119 3654 1158 3692 ex
1180 3638 1342 3692 Horondae

245 3741 325 3795 mim.
338 3738 367 3793 II
386 3739 544 3806 evincitur,
564 3743 639 3791 teste
660 3735 701 3791 le
720 3737 779 3790 vol.
793 3735 835 3789 111
849 3735 977 3789 Athenis
991 3740 1053 3788 tum
1069 3737 1198 3788 maxime
1211 3735 1343 3789 florebat

246 3837 415 3905 similiaque
444 3835 482 3888 de
509 3833 600 3888 Asiae
620 3833 791 3887 nominibus
822 3833 1065 3887 observaverunt
1085 3832 1216 3899 Ramsay
1236 3830 1341 3884 Journ.

247 3935 280 3988 ot·
296 3932 371 3987 Hell.
392 3930 432 3986 St.
447 3931 487 3986 IV
507 3929 608 3998 (1883),
628 3931 679 4000 qni
699 3945 767 3983 eum
786 3930 891 3983 scribit
908 3929 966 3981 Tbc
981 3928 1229 3982 Graeco-Roman
1248 3922 1342 3979 civili·

246 4027 348 4084 saiion
357 4026 392 4082 ira
402 4025 525 4084 Pisidia
536 4026 695 4082 Ceionium
706 4025 875 4081 Cornelium
882 4024 1042 4079 Romulum
1053 4023 1163 4078 Midam
1174 4022 1342 4076 Menelaum

246 4127 415 4194 Romulum,
434 4125 576 4194 Attalum,
589 4125 796 4180 Alexandrum
811 4141 839 4194 p.
853 4123 888 4177 35
898 4138 941 4192 sq.
961 4124 1058 4189 affert,
1079 4120 1190 4176 Cousin
1203 4124 1233 4174 et
1246 4118 1344 4183 Diebl,

248 4226 299 4293 qui
312 4223 387 4278 Bull.
402 4224 439 4277 de
453 4239 526 4277 corr.
540 4224 607 4277 hell.
618 4222 645 4276 X
656 4223 748 4290 (1886)
768 4221 806 4275 de
825 4221 998 4274 nominibus
1018 4218 1119 4287 Lyciis
1139 4217 1343 4286 dissputanles

247 4323 407 4375 inveniunt
435 4335 478 4373 un
497 4321 601 4390 prona
631 4321 753 4374 nombre
784 4319 820 4372 de
847 4332 935 4372 ooms
952 4330 1082 4386 propres
1102 4310 1156 4383 qui
1174 4313 1344 4382 reppelleot

247 4419 291 4471 les
309 4415 450 4488 antiques
463 4415 602 4486 dependes
616 4415 762 4485 (Sarpedo
777 4413 911 4469 Glaucus
924 4412 1133 4478 Telemachus)
1143 4416 1172 4465 et
1185 4426 1245 4464 aare
1257 4410 1344 4462 autre

248 4513 395 4582 eaie'port'c
415 4514 451 4567 de
469 4528 557 4566 oanis
577 4512 750 4580 amputatrice
769 4526 834 4565 auec
853 4510 1012 4579 dynastiae
1039 4509 1076 4561 de
1095 4504 1185 4560 l'Asie
1204 4503 1344 4559 Minoaue

729 4647 754 4676 Β
