3375 5192
637 531 872 591 ...θρ-

246 706 407 774 rarissime
439 706 525 792 apud
559 707 700 792 tragicos
724 707 802 772 talia
835 707 1049 790 inveniuntur,
1082 728 1154 772 cum
1187 705 1249 772 illis
1277 726 1345 792 per-

247 823 333 887 sonis
356 821 561 887 inferioribus
584 829 620 886 ut
636 821 837 906 paedagogis
857 823 975 887 nuntiis
991 821 1093 888 servis
1109 822 1191 904 aliis,
1216 822 1346 906 propria

247 936 376 1001 nomina
399 956 462 1001 non
486 937 571 1002 soliti
594 938 658 1003 sint
681 937 854 1020 imponere.

353 1050 397 1113 At
430 1049 665 1131 comoedis1)
691 1049 789 1134 digna
813 1057 872 1132 est,
907 1049 947 1115 de
971 1071 1034 1134 qua
1058 1051 1159 1116 fusius
1191 1048 1345 1132 dicamne,

248 1163 397 1246 qnoniam
422 1173 454 1228 et
476 1164 680 1249 Alciphronis
703 1164 824 1229 fontem
849 1165 1063 1249 principalem
1086 1174 1159 1230 sunt
1191 1165 1245 1247 qui
1275 1183 1354 1230 eam·

248 1279 428 1344 censuerint
444 1279 504 1344 viri
530 1279 617 1343 docti
641 1286 673 1343 et
697 1280 768 1364 ipsa
789 1278 945 1344 eiusmodi
963 1280 1048 1344 lusus
1073 1279 1224 1363 plurimos
1247 1279 1346 1343 maxi·

222 1381 224 1384 ’
248 1413 360 1477 meque
383 1394 570 1479 perspicuos
585 1394 728 1478 praehet.
766 1395 803 1457 In
821 1394 1000 1475 antiquiore
1016 1394 1173 1458 maximus
1197 1412 1347 1458 numerus

248 1507 409 1571 nominum
444 1507 642 1590 propriorum
678 1513 727 1572 est
762 1525 908 1571 verorum
944 1505 1104 1572 hominum
1136 1527 1216 1588 quos
1250 1513 1347 1591 poeta

249 1620 385 1702 deridet,
410 1621 495 1686 viros
516 1621 549 1685 in
574 1640 608 1686 rc
634 1621 764 1705 publica
785 1627 942 1701 versatos,
972 1619 1071 1692 duces
1094 1621 1347 1704 magistratus2).
1385 1636 1394 1650 ·

249 1737 367 1801 Postea
389 1735 502 1801 comici
528 1735 631 1800 minus
656 1733 797 1800 audaces
821 1734 1010 1819 legibusque
1035 1736 1140 1800 eoacti
1165 1737 1348 1820 potentibus

248 1839 312 1914 illis
345 1829 519 1934 pepercere
549 1868 588 1914 ac
616 1855 730 1933 poetas
763 1849 813 1913 vel
849 1848 1056 1933 philosophos
1090 1851 1245 1930 imprimis
1279 1871 1347 1936 per-

249 1963 448 2047 stringebant
492 1999 534 2009 —
579 1983 619 2028 nc
663 1970 759 2028 antea
802 1962 930 2045 quidem
975 1964 1139 2048 neglectos
1177 2002 1221 2011 -
1260 1965 1347 2030 velut

250 2078 445 2162 Aeschylum
484 2076 670 2162 Euripidem
710 2076 903 2162 Sophoclem
943 2077 1096 2142 Alcaeum
1144 2080 1348 2144 Anacreonta

250 2193 416 2259 Socratem
450 2193 617 2257 Platonem
650 2199 746 2274 atque
779 2191 904 2255 illorum
938 2198 1114 2276 temporum
1140 2193 1348 2258 homunculos

250 2308 411 2392 sophistas
444 2310 580 2372 musicos
613 2307 782 2371 saltatores
814 2307 1006 2373 meretrices.
1060 2309 1104 2372 At
1133 2308 1286 2393 paulatim
1321 2311 1347 2374 si

252 2429 409 2488 certorum
443 2421 632 2488 adferuntur
664 2423 809 2505 nomina,
845 2422 954 2488 statim
987 2440 1096 2487 eorum
1130 2423 1208 2487 vitia
1231 2423 1349 2488 totiens

249 2536 356 2603 derisa
394 2535 569 2621 spectatori
608 2536 640 2599 in
679 2543 815 2600 mentem
856 2537 1001 2602 veniunt:
1041 2538 1169 2602 nomina
1207 2537 1239 2600 in
1278 2549 1348 2622 pro*

251 2653 394 2719 verbium
431 2656 585 2717 venerunt
613 2651 701 2716 velut
729 2651 874 2716 Timonis
897 2651 1114 2736 Phrynondas
1146 2651 1348 2739 Laespodiae

198 2750 200 2756 ¹
250 2766 425 2850 Lamponis
457 2767 490 2831 in
522 2765 690 2831 comoedia
720 2737 838 2830 uetere.
886 2765 1024 2830 Accedit
1057 2766 1154 2831 aliud.
1206 2767 1250 2833 Ut
1281 2767 1349 2832 vita

252 2880 413 2946 cotidiana
439 2881 486 2945 ita
515 2880 682 2946 comoedia
711 2879 890 2945 nominibus
917 2880 1054 2965 propriis
1078 2879 1121 2945 ad
1144 2879 1348 2946 excitandum

250 2996 346 3060 risum
386 2995 495 3076 utitur,
540 2996 582 3062 cl.
615 2994 763 3060 Froehde
800 3015 830 3079 ρ.
861 2995 923 3059 134
944 3014 1014 3078 sqq.
1070 2994 1135 3060 Aut
1172 3015 1348 3061 verorum

251 3109 371 3176 formas
395 3108 564 3191 detorquet
594 3110 662 3175 sive
691 3109 878 3174 femininum
902 3130 960 3194 pro
984 3109 1160 3175 masculino
1184 3109 1350 3176 substituit

251 3225 338 3289 velut
372 3224 427 3289 Ar.
461 3223 591 3290 Thesm.
616 3224 681 3289 373
693 3243 762 3306 sqq.
802 3224 971 3303 Τιμόκλεια
1010 3223 1147 3289 Λύςιλλα
1169 3222 1348 3304 ’(υιςτρὰτη

252 3339 294 3404 cf.
311 3339 395 3406 Nuh.
412 3339 599 3418 eus-679,
620 3340 679 3404 'uhi
703 3338 878 3404 secundum
902 3338 1026 3404 scholia
1042 3338 1208 3418 (υκτράτη
1225 3339 1350 3405 Sostra-

252 3461 316 3519 tum
341 3453 501 3536 quendam
533 3452 612 3518 dicit
652 3455 733 3519 διότι
761 3453 833 3519 λίαν
857 3453 987 3534 ἀςελγὲς
1015 3453 1055 3532 ἦν
1085 3456 1136 3519 καὶ
1168 3455 1350 3536 θηλυδρίας,

252 3576 284 3633 et
307 3569 366 3649 Eq.
384 3568 448 3632 969
472 3567 618 3648 (μικύθη,
651 3568 719 3634 sive
755 3549 870 3632 litteris
894 3568 946 3632 vel
979 3569 1054 3632 totis
1089 3566 1234 3651 partibus
1269 3587 1350 3632 com·

253 3685 382 3748 mutatis
420 3682 587 3748 ridiculum
627 3703 752 3749 sensum
791 3683 897 3749 efficit
944 3683 1031 3748 velut
1068 3683 1123 3748 Ar.
1164 3683 1259 3768 Vesp.
1284 3685 1349 3748 592

254 3798 486 3877 Κολακώνυμος
507 3819 565 3883 pro
590 3799 774 3883 Cleonymo,
810 3799 854 3864 ih.
878 3798 943 3863 836
968 3797 1073 3878 Λάβης
1108 3819 1165 3882 pro
1195 3796 1350 3878 Lachete,

254 3912 312 3994 Eq.
338 3913 404 3977 449
438 3913 577 3992 Βυρσίνη
608 3933 665 3998 pro
699 3911 885 3997 Myrrhina3
925 3920 981 3977 ant
1013 3931 1054 3977 ex
1090 3913 1173 3977 veris
1207 3931 1349 3976 verorum

255 4025 413 4091 hominum
447 4029 627 4093 nominibus
650 4028 745 4112 plane
778 4047 863 4092 nova
891 4026 1038 4092 inaudita
1068 4046 1170 4108 ecque
1194 4025 1351 4092 iocularia

362 4223 388 4288 1)
408 4220 452 4278 Cf.
471 4222 616 4290 Froehdo,
636 4223 671 4276 D.
692 4222 827 4276 Technik
850 4222 877 4275 d.
897 4223 946 4275 alt.
966 4227 1017 4275 att.
1037 4219 1205 4275 Komoedie
1225 4219 1302 4274 1898.

360 4319 388 4386 2)
408 4318 600 4386 Aristophen.
619 4317 690 4372 Pac.
704 4318 754 4372 751
775 4318 926 4387 gloriatur
945 4319 997 4372 οὐκ
1016 4319 1129 4372 ἰδιώτας
1141 4316 1352 4384 ἀνθρωπίςκους

254 4417 402 4485 κωμῳδῶν
428 4416 494 4469 οὐδὲ
519 4422 661 4480 γυναῖκας,
697 4416 756 4469 ἀλλ’
776 4415 944 4481 Ἡρακλέους
974 4415 1063 4481 ὀργήν
1094 4412 1146 4467 τιν’
1177 4414 1251 4477 ἔχων
1282 4416 1353 4466 τοῖςι

255 4512 389 4578 μεγίςτοις
409 4511 552 4579 ἐπεχείρει.
