3375 5192
805 491 983 569 ,ρε-

332 699 481 778 procreat
505 691 663 758 vocabula
680 691 747 756 sive
767 687 928 773 simplicia
948 685 1032 752 sieut
1051 686 1201 764 Χαιριδῆς
1219 684 1273 749 Ar.
1288 682 1427 748 Acbarn.

334 809 398 872 866
423 829 480 892 pro
498 806 667 872 Chaeridls
691 805 861 889 discipulo,
887 802 1090 881 ἑςυικράτουν
1113 800 1158 866 id.
1175 801 1236 866 Av.
1257 800 1342 863 1282
1365 798 1433 863 sive

332 923 477 1005 longiora
512 921 620 1003 qrralia
644 919 940 999 Ἡρακλειοξανθίας
965 917 1019 980 Αι.
1036 917 1118 980 Ran.
1143 916 1219 997 499,
1243 915 1432 993 Δημολογο-

331 1037 435 1101 κλέων
448 1037 606 1119 Ar.Vcsp.
617 1036 694 1116 342,
711 1034 1066 1112 Τιςαμενοςραινίππους
1082 1029 1432 1109 Πανουργιππαρχίδας

332 1149 375 1215 id.
403 1150 484 1219 Acb.
511 1151 588 1232 603,
626 1149 926 1229 Γερητοθεοδώρους
961 1145 1252 1224 Δειομειαλαῑόνας
1286 1143 1329 1208 ib.
1356 1143 1431 1206 666.

333 1265 602 1343 Ἐξηκεςταλκίδαι
616 1285 709 1328 anon.
724 1263 769 1327 lV
781 1263 847 1326 636
861 1263 962 1342 (127),
979 1261 1297 1341 Ἀνδροκολωνοκλῆς
1311 1257 1431 1322 Oratio.

335 1380 364 1442 ll
385 1381 443 1444 171
462 1383 494 1455 ¹).

440 1492 510 1570 Quo
535 1495 575 1558 ab
593 1513 650 1557 usu
667 1513 730 1556 non
755 1493 887 1556 multum
911 1491 1024 1555 diflert
1049 1491 1113 1554 alia
1138 1488 1323 1554 comoediae
1339 1485 1431 1568 ratio,

294 1619 307 1642 ·
333 1627 415 1689 quae
440 1607 525 1671 baud
542 1628 614 1671 raro
639 1608 767 1671 nomina
784 1609 882 1691 etymi
906 1627 1004 1672 causa
1027 1612 1160 1691 usurpat
1183 1626 1246 1669 non
1270 1603 1312 1669 ad
1328 1602 1433 1685 desig·

334 1719 473 1786 nandum
510 1729 630 1787 certum
666 1722 822 1786 bominem
859 1721 916 1786 scd
952 1720 992 1786 ad
1029 1718 1260 1805 inlustrandam
1284 1716 1432 1783 vocabuli

333 1839 364 1901 vi
389 1835 526 1901 bominis
549 1845 705 1901 naturam.
747 1835 850 1913 Quam
879 1837 1009 1901 obrem
1039 1834 1226 1921 saepissime
1254 1832 1433 1897 nominibus

333 1974 373 2016 cx
386 1955 454 2017 vita
470 1954 554 2018 notis
569 1954 668 2017 utitur
691 1955 790 2036 ctyrni
816 1972 913 2017 causa
937 1960 993 2017 aut
1010 1960 1044 2017 ut
1059 1954 1190 2018 Δεινίας
1207 1951 1302 2020 honro
1318 1951 1434 2018 ditissi-

335 2088 403 2132 mus
428 2075 476 2132 est
500 2054 613 2133 Stratt.
636 2068 667 2130 Il
694 2068 757 2133 776
775 2069 832 2148 (1),
858 2067 1017 2146 Οἰνόμαος
1038 2071 1118 2147 πρὸς
1144 2069 1287 2149 τοῦνομα
1311 2069 1434 2134 παίζων

335 2180 506 2246 adhibetur
517 2181 688 2247 Niooebar.
703 2183 735 2245 ll
752 2183 827 2265 842,
852 2182 1075 2261 Ἀγοράκριτος
1092 2184 1191 2249 Cleon
1204 2186 1259 2249 Ar.
1272 2184 1332 2266 Eq.
1350 2184 1431 2248 1257

335 2296 533 2380 appellatur:
558 2297 593 2359 ἐν
609 2293 635 2360 τ’
651 2295 753 2378 ἀγορᾷ
776 2297 837 2375 γὰρ
862 2297 1259 2382 κρινόμενοςέβοςκόμην,
1284 2301 1433 2379 Νικόβου-

335 2416 391 2474 λος
414 2411 457 2475 ib.
474 2411 539 2474 615
564 2418 743 2495 usurpatur.
791 2413 857 2475 Aut
880 2433 965 2476 nova
988 2412 1154 2497 finguntur
1169 2414 1210 2479 ad
1229 2417 1316 2480 vitae
1332 2435 1435 2479 exeru-

335 2524 420 2608 plum
437 2524 540 2588 velut:
563 2525 788 2603 Ἐραςμονίδης
805 2524 1032 2590 0116161122
1049 2528 1105 2607 (9),
1130 2528 1267 2606 Λαγίςκα
1282 2529 1434 2593 meretrix

335 2639 498 2703 straten
523 2639 587 2710 764
604 2641 663 2720 (1),
698 2639 837 2719 (πινθήρ
869 2640 1068 2725 Theopomp.
1087 2642 1118 2705 lI
1143 2643 1209 2706 804
1233 2643 1300 2707 ν.8
1325 2661 1434 2707 servus

335 2759 465 2837 propter
500 2754 707 2837 celeritatem,
748 2755 890 2819 Εὔθυνος
929 2757 1153 2835 ταριχοπώλης
1185 2757 1360 2842 Antiphan.
1385 2758 1434 2821 ΙΙΙ

336 2869 380 2932 70
404 2870 450 2948 (1)
486 2875 519 2933 et
553 2869 626 2947 103,
667 2868 830 2933 Λοπάδιον
867 2871 1019 2934 meretrix
1050 2871 1185 2936 Tirnocl.
1211 2873 1260 2936 III
1286 2873 1351 2937 608
1377 2875 1388 2951 (
1413 2876 1434 2947 λ.

336 2981 449 3047 Melius
473 3002 568 3064 quam
592 3003 631 3047 ex
656 2983 847 3065 fragmentis
870 2985 1064 3049 comicorum
1088 2985 1259 3051 admodum
1284 2986 1435 3050 laceratis

336 3116 376 3159 ex
401 3095 626 3180 Aristophanis
664 3096 783 3160 fabulis
818 3099 983 3162 nominum.
1012 3100 1167 3164 rationem
1207 3100 1282 3164 lieet
1321 3120 1436 3183 cogno·

337 3228 437 3273 scere.
485 3210 565 3273 Eum
599 3210 773 3293 permultos
809 3211 953 3276 homines
986 3212 1198 3291 φερωνιίμους
1234 3214 1436 3279 introducere
1467 3288 1470 3291 ,

266 3406 268 3411 .
337 3331 446 3388 notum
470 3326 570 3405 ost2);
606 3331 642 3388 ut
666 3326 725 3389 Αν.
743 3325 786 3388 66
811 3332 843 3389 et
867 3326 909 3390 68
941 3325 1086 3392 homines
1118 3329 1150 3391 in
1184 3329 1290 3392 avium
1326 3328 1435 3392 urbem

339 3441 500 3519 ingressos
529 3438 641 3502 timore
673 3444 847 3502 commotos
878 3438 1061 3504 ioculariter
1090 3443 1217 3506 nornina
1240 3441 1436 3507 Ὑποδεδιιίις

339 3558 371 3616 et
394 3551 607 3630 Ἐπικεχοδιίις
631 3552 691 3618 sibi
716 3553 891 3618 tribuentes
922 3554 1013 3637 facit,
1049 3558 1094 3620 ita
1129 3559 1257 3640 saepius
1292 3559 1437 3641 personis

338 3667 371 3730 in
394 3687 543 3731 scaenam
568 3688 630 3731 non
652 3666 884 3750 prodeuntibus
907 3670 1035 3734 nomina
1059 3672 1280 3754 significantia
1303 3674 1437 3756 imponit

340 3781 427 3846 velut
451 3782 579 3860 (εβῑνος
604 3780 831 3875 Ἀναφλύςτιος
858 3785 939 3850 Rau.
956 3787 1020 3850 427
1046 3786 1135 3851 Eoel.
1153 3788 1218 3852 979
1231 3807 1278 3869 sq.
1303 3788 1434 3867 [τιλβυν

344 3965 557 3974 ———-—--

449 4094 476 4162 1)
490 4095 536 4148 De
545 4095 756 4149 nominibusin
765 4099 960 4167 opprobrium
972 4099 1108 4153 deflectis
1119 4101 1155 4152 ct.
1164 4099 1437 4163 Fabriciuscodex
1525 4100 1528 4104 ’

340 4191 533 4260 apocryphus
552 4190 630 4246 Novi
650 4191 844 4261 Testamenti,
864 4193 1035 4263 Hamburgi
1056 4196 1152 4249 17191
1167 4213 1194 4264 p.
1208 4196 1311 4264 344sq.

416 4315 418 4320 ·
446 4287 474 4354 2)
494 4285 537 4342 Oi.
566 4289 704 4342 Meineke
729 4289 756 4341 ll
786 4306 814 4358 p.
834 4289 904 4343 1037
935 4291 1026 4358 „solet
1057 4291 1277 4360 Aristophanes
1307 4292 1439 4361 ingeniis

340 4383 533 4450 moribusque
553 4398 759 4452 personarum,
779 4400 855 4453 quas
874 4392 1091 4456 repraesentat,
1111 4382 1200 4442 etiam
1221 4389 1439 4441 nonrinaacco·

340 4478 472 4532 modare.
492 4480 595 4547 qualia
614 4485 684 4534 sunt
703 4482 892 4550 Δικαιόπολις,
910 4486 1056 4551 Τρυγαῖος,
1076 4486 1162 4538 alia“.
